2646 4462
434 435 477 498 ΙΙ.
515 444 544 511 2,
561 443 590 498 3.
627 437 890 516 (Themistocles.)
1081 445 1119 502 15
1156 483 1172 542 .'

223 583 364 642 sarriens.
405 581 528 639 Multum
538 581 567 638 in
578 581 697 657 judiciis
711 582 828 657 privatis
839 584 1021 653 versabatur3
1042 602 1120 659 saepe

223 660 254 718 in
269 661 440 730 concionem
458 660 556 733 populi
573 659 721 733 prodibat;
742 661 820 716 nulla
836 679 884 718 res
902 663 992 738 major
1005 662 1069 719 sine
1084 677 1120 720 eo

224 741 383 814 gerebatur,
415 738 613 810 celeriterque,
643 757 705 810 quae
732 757 803 813 opus
832 749 921 809 erant,
947 740 1119 815 reperiebat.

224 817 328 890 Neque
342 817 436 873 minus
451 816 479 870 in
494 815 579 872 rebus
601 817 736 890 gerendis
757 828 891 890 promtus,
903 836 990 890 quam
1003 818 1119 893 excogi-
1140 823 1160 876 4

223 892 328 962 tendis,
344 904 411 964 erat,
426 893 500 966 quod
521 905 550 949 et
568 894 604 949 de
624 893 794 950 instantibus
809 896 851 969 (ut
866 895 905 952 ait
919 891 1119 972 Thucydides)

224 971 375 1028 verissime
393 971 548 1047 judicabat,
564 981 592 1027 et
609 971 645 1027 de
665 970 765 1028 suturis
781 973 968 1030 callidissime
983 974 1121 1050 conjicie-

223 1050 281 1106 bat.
323 1050 389 1114 Quo
403 1048 507 1105 lactum
522 1058 576 1118 est,
590 1061 620 1105 ut
633 1049 714 1106 brevi
727 1061 854 1123 tempore
869 1051 1066 1110 illustraretur.
1171 1119 1174 1130 ¹
1197 1048 1209 1111 .’

264 1128 304 1184 Π.
335 1128 447 1184 Primus
462 1137 556 1183 autem
570 1127 674 1202 gradus
688 1126 740 1183 fuit
754 1128 940 1202 capessenda
954 1129 1120 1204 reipublice
1142 1132 1160 1186 1'
1184 1176 1190 1189 .
1236 1179 1240 1187 ,

224 1206 301 1262 bello
324 1206 492 1280 Corcyraeo:
520 1206 556 1262 ad
579 1204 654 1278 quod
675 1206 831 1280 gerendum
853 1217 955 1280 pretor
975 1225 993 1262 a
1015 1209 1120 1282 populo
1171 1227 1201 1240 ··

225 1283 316 1345 factus
330 1302 387 1340 non
401 1284 493 1340 solum
507 1283 641 1358 proesenti
654 1284 740 1352 bello,
755 1283 808 1340 sed
827 1284 913 1340 etiam
927 1284 1038 1358 reliquo
1050 1295 1121 1344 tem·

224 1381 293 1437 pore
308 1361 478 1419 ferociorem
491 1361 615 1419 reddidit
629 1361 782 1418 civitatem.
808 1362 884 1418 Nam
897 1381 983 1436 quum
996 1363 1122 1437 pecunia
1139 1367 1159 1420 2

224 1440 348 1514 publica,
370 1458 432 1514 qua
456 1458 492 1495 ex
513 1438 638 1496 metallis
659 1438 778 1508 redibat,
798 1440 949 1515 largitione
973 1440 1121 1515 magistre-

224 1529 302 1584 tuum
315 1517 465 1594 quotannis
480 1517 617 1585 interiret,
631 1517 681 1573 ille
695 1518 838 1592 persuasit
850 1519 964 1593 populo,
978 1526 1009 1574 ut
1021 1524 1057 1575 ea
1068 1537 1123 1608 pe·
1147 1528 1154 1540 '
1188 1581 1193 1590 ,

209 1597 309 1654 “cunia
320 1597 424 1653 classis
436 1607 552 1653 centum
565 1595 681 1651 navium
692 1595 887 1655 aedificaretur.
909 1598 975 1662 Qua
986 1597 1160 1674 celenterd

226 1674 339 1744 effecta,
349 1673 470 1750 primum
481 1674 650 1748 Corcyraeos
661 1672 755 1749 fregit,
767 1673 871 1731 deinde
881 1676 1037 1732 maritimos
1050 1678 1120 1750 pre·
1186 1670 1201 1706 ·'

226 1753 315 1810 dones
339 1753 532 1809 consectando
553 1762 741 1808 maretutum
762 1752 894 1810 reddidit.
935 1753 970 1826 In
988 1771 1043 1827 quo
1061 1764 1121 1810 tum
1147 1771 1153 1780 ·

226 1831 334 1888 divitiis
346 1831 464 1900 ornavit,
475 1842 534 1887 tum
545 1829 631 1886 etiam
642 1829 832 1904 peritissimos
846 1831 916 1887 belli
926 1831 1036 1892 navalis
1051 1828 1121 1888 seoit

226 1909 432 1975 Athenienses
473 1908 507 1966 ld
531 1919 640 1983 quantae
666 1909 750 1964 saluti
774 1907 859 1964 fuerit
880 1909 1021 1964 universae
1042 1908 1160 1968 Grec-4

225 1987 289 2055 ciae,
301 1987 380 2044 bello
395 1987 538 2061 cognitum
552 1997 597 2044 est
619 1986 749 2054 Persico,
763 2004 849 2059 quum
871 1986 986 2042 Xerxes
1003 1995 1032 2042 ot
1049 1987 1121 2044 mari

226 2076 255 2122 et
273 2077 357 2128 terra'
370 2060 476 2123 bellum
496 2065 636 2122 universae
656 2063 774 2120 inferret
794 2064 917 2138 Europae
939 2083 1003 2120 cum
1064 2090 1101 2129 401

224 2143 310 2200 tantis
326 2141 429 2216 copiis,
442 2154 561 2217 quantas
575 2162 669 2216 neque
685 2153 778 2210 antea,
793 2160 887 2215 neque
902 2151 1003 2216 postea
1040 2139 1093 2179 ⁸·0·
1102 2150 1124 2180 ¹¹·

224 2221 323 2278 habuit
337 2220 494 2295 quisquam.
536 2219 630 2297 Hujus
651 2221 728 2278 enirn
747 2219 850 2276 classis
869 2221 948 2278 mille
968 2229 1003 2277 et
1013 2220 1120 2278 ducenss
1140 2225 1160 2278 d

224 2313 316 2356 tarum
328 2299 444 2356 navium
463 2300 612 2374 longarum
631 2299 692 2368 fuit,
706 2318 790 2375 quam
804 2298 859 2357 duo
879 2298 960 2356 milia
977 2299 1121 2358 oneraria·

225 2397 287 2434 rum
310 2378 518 2452 sequebantur;
552 2387 703 2436 terrestres
728 2389 822 2434 autem
846 2377 989 2437 exercitus
1014 2378 1121 2453 septin-

226 2466 374 2530 gentorum
400 2454 510 2512 milium
539 2456 676 2530 peditum,
701 2455 826 2530 equitum
852 2456 1122 2530 quadringentorum

226 2534 336 2590 milium
355 2533 477 2590 fuerunt.
519 2535 609 2609 Cujus
624 2534 659 2590 de
674 2534 797 2590 adventu
810 2552 896 2606 quum
909 2532 984 2588 fama
997 2533 1026 2590 iu
1042 2533 1121 2590 Graa-
1141 2536 1161 2589 6

228 2612 302 2668 ciam
313 2621 393 2668 esset
405 2612 523 2685 perlata,
535 2623 564 2669 et
576 2613 699 2668 maxime
711 2608 905 2668 Athenienses
920 2609 979 2684 peti
990 2609 1121 2668 diceren-

226 2701 271 2746 tur
291 2700 406 2764 propter
428 2705 551 2764 pugnam
574 2689 800 2746 Marathoniam:
830 2689 968 2746 miserunt
990 2687 1121 2764 Delphos

228 2767 397 2836 consultum,
407 2767 541 2840 quidnam
556 2767 684 2824 lacerent
698 2768 733 2824 de
748 2769 832 2823 rebus
848 2767 918 2824 suis.
952 2766 1121 2824 Deliberan-

227 2845 302 2901 tibus
318 2845 423 2920 Pythia
436 2846 592 2921 respondit,
602 2856 636 2901 ut
650 2845 788 2902 mtenibas
802 2843 908 2918 ligneis
922 2863 955 2900 ee
969 2844 1121 2902 munirent.

229 2922 263 2979 Id
289 2939 458 2998 responsum
485 2942 540 2997 quo
567 2923 686 2991 valeret,
715 2940 804 2994 quum
827 2922 1001 2995 intelligeret
1026 2941 1121 2992 nemo,
1142 2927 1161 2980 7

229 2999 442 3058 Themistocles
460 2999 612 3076 persuasit,
627 2999 779 3056 consilium
794 3015 860 3054 esse
875 2997 1029 3071 Apollinis,
1043 3009 1074 3054 ut
1092 3000 1122 3056 in

156 3080 160 3086 ‘
226 3096 319 3135 naves
330 3097 362 3134 se
374 3098 481 3153 suaque
493 3078 671 3138 conferrent:
696 3095 761 3132 eum
775 3075 852 3132 enim
866 3094 882 3130 a
896 3075 952 3131 deo
965 3074 1122 3149 significari

227 3175 338 3214 murum
351 3157 488 3232 ligneum.
510 3157 577 3215 Tali
590 3155 714 3212 consilio
727 3155 855 3230 probato,
868 3152 974 3210 addunt
987 3151 1023 3208 ad
1037 3171 1121 3228 supe-
1142 3159 1161 3211 8

226 3233 318 3290 riores
329 3235 447 3290 totidem
457 3253 546 3290 naves
557 3233 697 3302 triremes,
709 3251 816 3306 suaque
828 3231 932 3301 omnia,
942 3248 1004 3305 quta
1015 3233 1122 3290 moveri

226 3321 366 3386 poterant,
389 3312 491 3387 partim
513 3313 667 3380 Salamina,
681 3311 783 3386 partim
800 3312 941 3368 Troezena
960 3321 1121 3384 asportant3

227 3408 325 3446 arcem
339 3389 536 3447 sacerdotibus
556 3389 712 3463 paucisque
731 3388 884 3464 majoribus
898 3398 975 3458 natu,
990 3408 1024 3445 ac
1038 3407 1123 3446 sacra

226 3467 407 3543 procuranda
421 3467 540 3536 tradunt,
554 3468 692 3540 reliquum
706 3466 841 3540 oppidum
854 3466 1023 3540 relinquunt.

268 3544 324 3601 ΙΙΙ.
348 3544 604 3620 Ηιι]ιιε;οοη5111ιιηῑ
615 3544 758 3618 plerisque
769 3541 930 3600 civitatibus
942 3544 1123 3618 displicebat,
1145 3549 1160 3600 l

228 3633 258 3678 et
268 3621 384 3678 interra
395 3623 524 3678 dimicari
534 3622 625 3696 magis
637 3622 780 3694 placebat.
814 3621 913 3694 Itaque
924 3621 1006 3677 missi
1038 3658 1079 3698 Μ
1087 3657 1131 3697 m·

228 3709 295 3756 sunt
303 3699 410 3756 delecti
417 3717 481 3754 cum
492 3698 630 3768 Leonida,
641 3697 921 3755 Lacedaemoniorum
927 3715 1005 3769 rege,
1066 3706 1104 3744 ⁴8⁰

228 3777 493 3852 quiThermoleas
502 3787 685 3852 occuparent,
694 3776 862 3850 longiusque
871 3775 1006 3830 barbaros
1043 3753 1128 3796 ‘'⁰¹¹'‘
