2646 4462
163 497 169 507 ‘
263 519 307 580 aa
492 511 565 574 vn.
593 519 621 586 5,
638 517 667 574 a.
711 509 925 600 (Arearum.)

258 670 331 731 nuit,
340 658 530 734 praesidioque
545 658 585 714 ibi
598 668 736 734 perpetuo
750 649 887 732 positoin
902 655 1051 713 obsidione
1066 655 1155 714 Athe-

258 757 312 811 nas
336 746 496 794 tenuerunt.
549 737 689 812 Ejusdem
716 754 804 809 opera
832 735 942 792 Ioniam
970 754 986 790 a
1014 736 1154 791 societate

258 827 420 873 averterunt
440 814 669 873 Atheniensium.
711 814 776 878 Quo
790 813 865 873 sacto
885 815 972 870 multo
989 813 1154 886 superiores

257 894 335 956 bello
349 904 619 969 osselcoeperuntar
767 953 782 981 a
989 909 1023 966 )ι
1147 941 1175 958 ,,

220 975 234 1032 1
297 972 334 1032 V.
356 971 459 1045 Neque
473 989 543 1027 vero
564 971 611 1105 bp's
620 972 718 1062 jebus
739 970 797 1032 tam
812 965 897 1028 amici
922 969 1066 1028 Alcibiadi
1089 957 1155 1026 suht

257 1035 335 1120 sado,
348 1035 432 1124 qudm
445 1049 544 1129 timore
560 1069 576 1105 a
593 1033 645 1107 “eo
660 1031 786 1124 alleuati.
827 1049 903 1106 Nam
916 1067 1000 1122 quum
1021 1047 1154 1112 acerrimi

256 1127 310 1203 piri
333 1138 514 1203 prestantem
534 1127 712 1202 prudentiam
733 1127 763 1182 in
782 1127 912 1202 omnibus
931 1128 1017 1182 rebus
1032 1146 1154 1201 cognos-

257 1217 366 1275 cerent,
376 1206 589 1280 pertimuerunt,
597 1224 634 1261 ne
649 1205 766 1262 caritate
780 1205 988 1279 patriaeductus
1003 1205 1155 1277 aliquando

257 1284 292 1346 ab
319 1285 392 1359 ipsis
413 1283 602 1351 descisceret,
627 1293 742 1338 etcum
764 1282 825 1338 suis
846 1281 876 1338 in
897 1283 1016 1357 gratiam
1036 1283 1153 1339 rediret.

218 1362 354 1436 fultaque
379 1373 491 1434 tempus
507 1363 576 1436 ejus
601 1359 793 1417 interficiendi
815 1379 940 1434 quaerere
962 1361 1153 1418 instituerunt.

217 1443 236 1496 2
257 1440 292 1497 Id
316 1439 460 1496 Alcibiadi
482 1438 587 1495 diutius
609 1438 698 1494 celari
722 1457 779 1495 non
799 1439 907 1513 potuit:
923 1435 1001 1496 ¹erat
1021 1441 1103 1511 enim,
1118 1459 1155 1496 ea

257 1518 425 1592 sagacitate,
433 1527 463 1573 ut
474 1516 570 1591 decipi
581 1534 637 1572 non
648 1527 757 1590 posset,
765 1517 923 1590 presertim
933 1537 1018 1591 quum
1030 1516 1154 1587 arrimum

257 1594 427 1652 attendisset
450 1594 486 1650 ad
509 1594 697 1660 cavendum),
731 1595 829 1668 Itaque
855 1596 891 1651 ad
915 1595 1154 1670 Tissaphernem,

218 1676 235 1729 3
256 1672 420 1747 praefectum
443 1672 522 1746 regis
547 1672 638 1741 Darii,
660 1673 846 1739 seconurlit.
898 1675 988 1749 Cujus
1011 1694 1096 1748 quum
1123 1675 1153 1731 in

215 1771 243 1810 ra·
256 1751 385 1808 intimam
398 1749 554 1806 amicitiam
573 1751 763 1824 pervenisset,
778 1762 808 1806 et
826 1751 1058 1822 Atheniensium,
1079 1755 1153 1810 male

257 1829 347 1904 gestis
362 1829 391 1887 in
408 1827 509 1885 Sicilia
524 1829 618 1896 rebus,
633 1847 885 1903 opessenescere,
900 1842 998 1886 contra
1018 1825 1154 1888 Incede-

255 1907 415 1963 moniorum
428 1924 562 1964 crescere
577 1907 703 1963 videret:
732 1907 814 1963 initio
835 1927 900 1964 cum
922 1908 1063 1966 Pisandro
1083 1929 1155 1984 prce-

250 1987 327 2055 tore,
340 1986 388 2059 qui
403 1984 478 2060 apud
494 1985 610 2041 Samum
625 1985 783 2041 exercitum
796 1984 927 2064 habebat,
942 2005 993 2061 per
1007 1988 1153 2044 internun-

257 2064 311 2120 tios
327 2058 503 2136 colloquitur,
515 2073 544 2118 et
557 2063 592 2119 de
606 2063 699 2120 reditu
713 2082 765 2120 suo
779 2063 847 2120 sacit
859 2065 1041 2122 mentionem.
1082 2066 1155 2123 Erat

220 2141 335 2210 „enim
350 2141 461 2210 eodem,
469 2159 524 2215 quo
541 2141 717 2211 Alcibiades,
726 2161 823 2211 sensu,
838 2143 940 2218 populi
950 2145 1084 2219 potentiae
1095 2163 1153 2200 non

217 2224 236 2276 4
257 2219 376 2287 anricus,
391 2229 420 2274 et
433 2218 598 2292 optimatum
609 2219 707 2279 fautor.
743 2222 787 2276 Ab
801 2220 856 2278 hoc
869 2221 1019 2278 destitutus
1032 2223 1155 2296 primum

256 2316 308 2372 per
332 2295 553 2370 'Thrasybulum
579 2296 776 2371 Lycitfilium,
800 2298 835 2354 ab
855 2301 984 2356 exercitu
1006 2301 1154 2374 recipitur,

255 2385 411 2450 praetorque
436 2375 466 2430 fit
487 2375 562 2449 apud
587 2374 721 2432 Samum:
750 2387 824 2449 post,
844 2377 1019 2452 suffragante
1042 2375 1154 2435 Thera-

256 2456 349 2521 mEne,
373 2453 545 2529 populiscito
573 2453 738 2522 restituitur,
759 2454 882 2528 ‚parique
903 2457 1008 2524 absens
1033 2457 1155 2531 imperio

193 2535 236 2597 55
256 2531 408 2607 praeficitur
419 2531 503 2588 simul
515 2550 580 2587 oum
594 2530 776 2606 Thrasybulo
789 2543 817 2588 et
828 2533 1020 2590 Theramene.
1043 2535 1154 2592 Horum

256 2607 286 2665 in
301 2609 422 2683 imperio
443 2619 520 2665 tanta
534 2610 717 2665 commutatio
729 2628 823 2667 rerum
847 2609 922 2667 sacta
943 2624 997 2682 est,
1010 2625 1040 2670 ut
1062 2613 1154 2670 Lace·

189 2685 197 2702 ⁸
256 2686 397 2755 daemonii,
418 2686 466 2760 qui
488 2687 586 2761 paullo
607 2697 671 2743 ante
686 2688 810 2744 victores
831 2689 988 2764 viguerant,
1012 2693 1154 2765 perterriti

255 2783 358 2840 pacem
371 2774 511 2839 peterent.
553 2764 631 2820 Victi
645 2766 722 2830 enim
737 2777 817 2822 erant
830 2766 953 2839 quinque
974 2770 1083 2842 proeliis
1098 2781 1155 2826 ter·

256 2842 403 2912 restribus,
426 2843 516 2900 tribus
537 2843 695 2913 navalibus,
719 2843 750 2900 in
776 2843 882 2917 quibus
901 2845 1040 2902 ducentas
1063 2867 1154 2903 naves

194 2934 211 2975 s
227 2942 237 2970 a
255 2920 387 2978 triremes
402 2921 564 2992 amiserant,
578 2940 639 2998 quire
655 2933 743 2997 captae
764 2923 794 2978 in
815 2923 938 2980 hostium
952 2937 1090 2981 venerant
1103 2944 1154 3000 po-

217 3000 236 3056 6
256 3008 398 3057 testatem.
440 3000 607 3057 Alcibiades
628 2999 713 3058 simul
727 3020 793 3058 cum
807 3003 928 3078 collegis
943 3017 1093 3080 receperat
1107 3005 1154 3060 Io·

255 3077 342 3148 niam,
367 3077 598 3152 Hellespontum,
622 3080 726 3136 multas
750 3093 888 3155 praeterea
911 3083 997 3138 urbes
1026 3082 1154 3150 Graecae,

228 3178 230 3182 ⁴
255 3173 317 3230 quae
337 3155 368 3214 in
382 3174 431 3213 ora
451 3157 512 3212 sitae
527 3167 592 3213 sunt
614 3158 702 3225 Asiae‚
716 3176 833 3230 quarum
857 3169 1053 3232 expugnarant
1077 3177 1154 3214 com·

254 3232 363 3307 plures,
377 3235 407 3288 in
427 3233 473 3288 his
489 3233 672 3306 Byzantium
693 3253 788 3306 neque
801 3235 894 3291 minus
914 3237 1015 3291 multas
1030 3236 1154 3291 consilio

204 3335 236 3362 a,
256 3311 293 3366 ad
321 3310 474 3365 amicitiam
498 3309 693 3384 adjunxerant,
717 3309 791 3382 quod
819 3312 848 3366 in
877 3325 975 3384 captos
1001 3312 1155 3368 clementia

216 3385 368 3444 ’l'suerant
390 3385 445 3462 usi.
500 3387 544 3443 Ita
566 3386 661 3459 praeda
682 3387 786 3456 onusti,
812 3388 986 3462 locupletato
1015 3391 1154 3460 exercitu,

255 3463 388 3520 maximis
402 3465 486 3520 rebus
501 3465 601 3538 gestis,
615 3463 744 3520 Athenas
759 3479 905 3522 venerunt.

219 3545 234 3600 l
296 3539 350 3598 VI.
372 3541 428 3598 His
450 3560 534 3616 quum
547 3542 660 3598 obviam
673 3543 815 3599 universa
836 3544 937 3602 civitas
961 3546 992 3603 in
1013 3547 1153 3604 Piraeeum

257 3619 466 3689 descendisset,
475 3631 553 3676 tanta
567 3619 618 3676 suit
629 3621 752 3677 omnium
764 3624 942 3696 exspectatio
951 3626 1065 3682 visendi
1074 3625 1154 3682 Alci-

205 3716 223 3761 ι]
238 3698 358 3768 rbiadis,
369 3708 399 3754 ut
413 3698 448 3754 ad
464 3700 526 3774 ejus
541 3699 684 3754 triremem
692 3700 794 3774 vulgus
810 3701 974 3772 conflueret,
985 3705 1104 3779 proinde
1117 3723 1152 3759 ac

216 3781 236 3834 2
258 3776 283 3834 si
295 3779 374 3834 solus
384 3777 563 3848 advenisset.¹
591 3777 641 3834 Sic
654 3777 730 3834 enim
744 3779 849 3853 populo
864 3793 924 3836 erat
936 3801 1115 3856 persuasum,
1124 3793 1154 3838 et

257 3856 393 3916 adversas
403 3855 575 3932 superiores,
585 3867 613 3912 et
627 3867 783 3932 praesentes
792 3858 935 3936 secundas
950 3877 996 3917 res
1007 3860 1152 3918 accidisse
