2646 4462
160 381 171 509 s
254 429 297 487 ιι
535 421 575 484 ιι.
620 429 695 498 aa.
741 421 859 503 (aaa)

251 567 447 643 deducerent),
462 578 492 624 ut
505 569 537 625 s'e
557 568 593 625 de
615 569 761 644 superiore
782 580 862 643 parte
883 569 985 626 aedium
1000 568 1148 645 dejecerit,

251 656 335 720 atque
350 646 389 702 ita
403 647 550 702 interierit.
593 647 654 703 Sed
667 647 734 703 illuc
751 659 885 719 repertor

214 730 226 783 1
291 725 327 780 V.
350 724 503 798 Postquam
518 725 684 781 Corinthum
698 726 829 801 pervenit
844 727 920 782 Dion
932 737 961 782 et
972 727 1074 782 eodem
1084 744 1148 802 per

272 827 310 868 257
368 802 440 892 sugit
460 803 643 873 Heraclidae,
663 803 815 860 abeodem
835 805 972 879 expulsus
994 805 1147 893 Dionysio,

251 887 271 917 ⁸·
284 877 309 918 ⁰
321 886 343 915 ¹²
368 901 416 956 qur
408 881 579 956 praefectus
595 881 686 938 luerat
700 883 841 954 equitum;
867 883 943 938 omni
958 883 1067 938 ratione
1086 883 1147 940 bel·

210 962 229 1014 2
250 959 308 1016 lum
331 978 496 1054 comparare
518 970 673 1034 coeperunt
717 959 777 1016 Sed
796 978 854 1016 non
875 951 992 1016 multum
1015 961 1147 1036 proficie-

250 1039 339 1108 bant,
357 1038 432 1112 quod
467 1037 615 1093 multorum
652 1053 788 1094 annorum
822 1039 950 1127 tyrannis
981 1057 1147 1126 magnarum

250 1134 335 1192 opum
347 1118 503 1191 putabatur.
545 1107 639 1181 Quam
653 1117 689 1171 ob
704 1135 819 1171 causam
832 1134 917 1189 pauci
910 1116 964 1172 'ad
979 1117 1147 1174 societatem

211 1196 229 1250 ³
250 1195 371 1286 periculi
381 1194 620 1270 perducebantur.
663 1193 723 1249 Sed
739 1193 824 1261 Dion,
839 1193 927 1250 fretus
941 1213 999 1250 non
1012 1205 1070 1251 tarn
1084 1196 1145 1252 suis

250 1274 352 1363 copiis,
367 1292 449 1347 quarn
470 1272 535 1327 odio
556 1271 677 1359 tyranni,
697 1272 819 1327 maximo
841 1273 943 1328 animo
949 1273 1056 1328 duabus
1078 1292 1146 1330 one·

249 1353 332 1409 ratiis
356 1352 477 1408 navibus
502 1349 702 1424 quinquaginta
724 1368 860 1423 annorum
880 1351 1038 1425 imperium,
1055 1353 1145 1408 muni-

249 1441 307 1486 tum
321 1428 483 1515 quingentis
504 1428 598 1502 longis
616 1427 746 1498 navibus,
761 1416 863 1485 decem
884 1429 1017 1504 equitum,
1032 1440 1146 1486 centum

250 1508 378 1582 peditum
391 1503 516 1574 milibus,
530 1505 673 1580 profectus
695 1518 895 1584 oppugnatum,
911 1507 1001 1598 (quod
1014 1507 1144 1564 omnibus

250 1587 381 1659 gentibus
408 1583 572 1640 admirabile
595 1594 639 1638 est
652 1584 756 1658 visum)
772 1577 843 1641 adeo
865 1585 949 1641 facile
971 1569 1100 1660 perculit,
1115 1597 1146 1642 ut

249 1672 314 1750 post
303 1663 411 1718 tdiem
429 1662 550 1730 tertium,
564 1680 648 1734 quarn
669 1661 801 1721 Siciliam
821 1664 961 1737 attigerat,
984 1665 1144 1738 Syracusas

250 1740 398 1797 introierit.
440 1740 488 1796 Ex
508 1758 562 1829 quo
583 1739 707 1815 intelligi
720 1751 824 1814 potest,
837 1743 946 1798 nullum
965 1761 1033 1798 esse
1055 1742 1144 1817 impe·

210 1823 229 1875 4
250 1818 322 1875 rium
342 1830 383 1877 tut
383 1839 446 1888 um,
460 1817 516 1874 nisi
540 1818 720 1875 benevolent
701 1829 742 1874 t1a
762 1819 907 1875 munitum.
949 1819 994 1876 Eo
1016 1832 1144 1895 tempore

250 1898 347 1955 aberat
352 1898 529 1988 Dionysius,
545 1907 573 1953 et
587 1897 617 1952 in
630 1897 715 1954 ltalia
734 1898 860 1954 classem
874 1898 1082 1987 opperiebatur,
1097 1899 1145 1954 ad·
1174 1915 1178 1924 ·

249 1978 440 2033 versariorum
458 1987 534 2033 ratus
548 1967 697 2032 neminem
720 1977 782 2032 sine
803 1977 915 2051 magnis
939 1977 1033 2065 copiis
1054 1977 1090 2032 ad
1111 1996 1144 2034 se

211 2059 317 2112 5ven
306 2066 406 2112 nrum
449 2055 522 2120 Quae
534 2073 580 2110 res
597 2073 662 2109 eum
675 2053 787 2110 selellr
830 2055 904 2112 Nam
919 2053 1029 2110 Ι)1οιι”
1011 2073 1047 2110 ns
1061 2073 1145 2129 rpsrs,

250 2133 298 2207 qui
326 2136 378 2190 sub
405 2133 563 2213 adversarii
589 2131 700 2190 fuerant
727 2143 878 2207 potestate,
902 2151 998 2224 regnos
1027 2121 1144 2207 spiritus

250 2212 397 2292 repressit,
411 2205 552 2284 totiusque
569 2211 631 2284 ejus
652 2211 740 2286 pertis
763 2211 871 2267 Siciliae
892 2207 996 2286 potitirs
1015 2222 1059 2266 est
1061 2231 1145 2284 ,quae

250 2292 303 2347 sub
318 2288 453 2364 Dionysii
467 2298 607 2362 potestate
622 2287 730 2344 suerat·
724 2290 862 2363 ,parique
874 2289 958 2346 modo
968 2290 1046 2346 urbis
1059 2290 1146 2364 Syra·

251 2386 391 2436 cusarum,
410 2377 511 2442 practer
531 2384 627 2421 arcem
648 2376 677 2422 et
698 2333 820 2423 irisulam
839 2367 999 2443 adjunctam
1021 2367 1144 2442 oppido;

212 2449 230 2504 6
252 2465 341 2520 eoque
357 2465 417 2502 rem
430 2444 571 2520 perduxit,
582 2455 613 2499 ut
626 2445 729 2500 talibus
744 2445 923 2520 pactionibus
937 2465 1040 2520 pacem
1050 2457 1145 2520 tyran·

250 2543 303 2581 nus
332 2525 427 2580 lacere
453 2523 557 2579 vellet:
591 2523 723 2579 Siciliam
752 2523 829 2581 Dion
856 2525 1005 2594 obtineret,
1033 2524 1146 2581 ltaliam

251 2602 419 2691 Dionysius,
436 2603 596 2676 Syracusas
611 2601 819 2676 Apollocrates,
835 2603 881 2658 cui
894 2603 1046 2658 maximam
1060 2602 1146 2658 fidem

206 2689 208 2698 ‘
250 2699 299 2737 uni
292 2680 436 2737 'habebat
451 2681 565 2758 [Dion].

213 2764 226 2816 l
290 2759 342 2814 Vl.
358 2757 429 2814 Has
443 2769 499 2814 tarn
512 2777 664 2833 prosperas
678 2761 790 2832 tamque
804 2757 964 2831 inopinatas
980 2775 1027 2812 res
1043 2775 1147 2814 conse·

251 2847 316 2894 cuta
330 2847 376 2893 est
389 2838 481 2893 subita
496 2838 684 2908 commutatio,
700 2837 773 2911 quod
788 2835 898 2892 fortuna
911 2841 963 2890 sua
977 2835 1145 2905 mobilitate,

210 2917 335 2989 2'quem
348 2916 444 3004 paullo
458 2926 522 2971 ante
539 2913 686 2985 extulerat,
700 2917 867 2994 demergere
883 2925 935 2970 est
942 2913 1047 2970 adorta.
1084 2914 1146 2970 Pri-

250 3013 327 3051 mum
350 2995 388 3051 1ιι
401 2995 470 3063 filio,
493 2993 528 3050 de
553 3013 608 3068 qno
631 2960 851 3050 coririnemoravi
869 3005 963 3068 supra,
986 3011 1066 3048 suam
1088 2993 1146 3048 vim

251 3073 388 3130 exercuit.
421 3073 495 3129 Nam
507 3091 591 3146 quum
605 3091 722 3128 uxorem
733 3065 895 3128 reduxisset
897 3090 975 3147 ,quae
991 3071 1040 3127 alii
1055 3071 1146 3127 iuerat

250 3152 360 3220 tradita,
374 3151 518 3238 filiumque
540 3152 627 3206 vellet
647 3168 784 3206 revocare
805 3149 853 3206 ad
854 3148 986 3205 virtutem
1005 3149 1146 3222 aperdita

249 3225 369 3296 luxuria,
384 3228 498 3301 accepit
518 3227 717 3313 gravissimum
736 3245 840 3302 parens
855 3227 957 3282 vulnus
969 3239 1069 3284 morte
1082 3226 1144 3282 filii

211 3309 229 3361 3
252 3305 366 3362 Deinde
380 3315 441 3360 orta
455 3305 599 3360 dissensio
614 3314 659 3358 est
673 3303 746 3359 inter
760 3323 825 3359 eum
839 3313 868 3358 et
883 3297 1076 3372 Heraclidem,
1088 3304 1145 3376 qui,

250 3381 325 3469 quod
348 3381 537 3468 principatum
560 3398 617 3436 non
642 3372 827 3450 concedebat,
849 3379 1005 3438 factionem
1032 3400 1146 3455 compa·

250 3459 331 3515 ravit.
373 3459 497 3531 Neque
491 3477 516 3514 rs
531 3459 625 3517 minus
640 3460 753 3515 valebat
766 3423 840 3534 apud
855 3460 1014 3533 optimates,
1025 3478 1143 3532 quorum

251 3533 395 3594 consensu
413 3547 536 3611 praeerat
553 3537 651 3605 classi,
665 3555 750 3610 quum
772 3538 848 3594 Dion
870 3537 1027 3594 exercitum
1041 3538 1146 3612 pedes·

210 3619 229 3672 4
250 3625 322 3671 trem
336 3625 482 3671 teneret
497 3615 563 3676 Non
578 3614 642 3670 tulit
661 3614 716 3671 hoo
738 3617 831 3672 animo
846 3634 924 3689 aequo
941 3617 1026 3684 Dion,
1041 3627 1070 3672 et
1083 3633 1146 3672 ver-

249 3712 313 3751 sum
328 3693 408 3751 illum
423 3692 544 3750 Homeri
558 3693 654 3750 retulit
668 3712 704 3750 ex
725 3695 853 3751 secunda
868 3693 1075 3768 rhapsodiam
1090 3711 1145 3768 quo
