2646 4462
202 419 267 506 ‘12
497 440 519 502 1.
556 447 586 516 s
603 447 633 504 ι
671 439 872 523 (ιιιιιιιιιι.)

223 595 312 655 tores,
325 585 374 662 qui
389 586 529 642 exercitui
545 595 713 661 preessent,
726 586 758 642 in
772 586 816 643 eis
831 573 993 644 Miltiadem
996 563 1124 650 s‘blnter

225 681 297 739 quos
316 683 419 740 magne
439 663 492 720 fuit
511 663 664 733 contentio,
679 674 770 721 utrum
785 666 925 720 moenibue
939 681 971 720 se
986 661 1124 720 detende-

224 751 297 811 reut‚
321 759 359 800 an
385 741 498 799 obviam
518 743 592 799 irent
615 742 755 812 hostibus,
776 742 896 816 acieque
921 741 1122 798 decernerent.

186 819 309 878 bUnus
337 819 485 877 Miltiades
511 820 634 877 maxime
662 820 813 889 nitebatur,
836 833 867 876 ut
893 819 984 894 primo
1012 835 1123 892 quoque

174 941 177 946 .
225 907 353 987 tempore
368 908 462 954 cestra
479 900 590 955 fierent
632 897 666 955 Id
687 899 712 955 si
733 898 838 956 factum
860 907 948 966 esset,
964 908 992 953 et
1013 895 1124 952 civibus

226 976 351 1034 animum
372 994 567 1046 aocessumm,
585 995 670 1051 quum
690 977 829 1045 viderent,
844 976 880 1032 de
902 990 1000 1032 eorum
1020 974 1123 1030 virtute

225 1069 284 1112 non
307 1051 464 1130 desperari,
485 1063 514 1111 et
537 1054 636 1111 hostes
663 1055 765 1111 eadem
788 1073 819 1110 re
844 1053 904 1109 fore
927 1053 1077 1141 tardiores,
1098 1052 1125 1108 si

226 1132 493 1267 animadvertpreut,
508 1132 606 1188 auderi
626 1132 765 1188 adversus
780 1151 813 1188 se
831 1142 888 1187 tarn
903 1125 1016 1246 exiguis
1031 1129 1124 1204 copiis

226 1209 365 1268 dirnicere

189 1291 203 1346 l
246 1287 283 1345 V.
306 1287 394 1346 Hoc
386 1297 558 1361 intempore
572 1289 651 1345 nulla
662 1287 764 1345 civitas
775 1285 1002 1344 Atheniensibus
1017 1285 1124 1342 auxilio

226 1364 279 1423 fuit
291 1377 394 1442 preter
405 1367 592 1423 Plateenses.
626 1366 673 1423 Ea
683 1366 761 1422 mille
774 1365 851 1422 misit
860 1365 990 1421 rnilitum.
1024 1365 1124 1438 ltaque

225 1443 328 1500 horum
341 1443 464 1500 adventu
482 1439 585 1500 decem
601 1444 681 1502 inilia
702 1456 870 1500 armatorum
885 1443 1039 1530 completa
1040 1452 1122 1498 eunt:

187 1525 206 1578 2
228 1539 289 1594 ques
299 1539 400 1578 manus
411 1521 534 1578 mirabili
549 1521 685 1597 flagrabat
697 1522 844 1597 pugnandi
859 1515 1039 1596 cupiditate.
1059 1521 1125 1585 Quo

227 1597 343 1657 factum
354 1609 407 1667 est,
423 1609 455 1654 ut
473 1599 548 1673 plue,
568 1617 653 1672 quarn
673 1601 803 1674 college,
825 1599 973 1656 Miltiades
994 1597 1124 1654 valuerit.

228 1673 301 1752 EJ'us
327 1675 492 1733 auctoritate
515 1675 631 1751 impulsi
654 1677 850 1734 Athenienses
875 1676 974 1765 copias
998 1695 1035 1732 ex
1054 1676 1124 1731 urbe

188 1757 206 1810 3
228 1753 387 1810 eduxerunt
388 1754 526 1842 ,locoque
538 1755 643 1812 idoneo
654 1766 748 1812 castra
762 1745 914 1812 fecerunt
928 1752 1043 1810 Deinde
1057 1771 1124 1828 poe·

226 1841 288 1889 tero
303 1830 351 1888 die
366 1834 418 1888 sub
436 1832 541 1890 montis
555 1833 710 1903 radicibus,
726 1833 820 1890 aciae
840 1833 963 1908 regione
1009 1841 1124 1900 structa,

224 1928 301 1967 nova
321 1921 391 1980 arte,
409 1910 439 1966 ιι
460 1929 570 1968 summa
589 1913 719 1986 proelium
741 1913 951 1969 commiserunt.
978 1851 1124 1998 ¹illamque

227 1989 344 2046 arbores
368 1988 464 2060 multis
487 1989 562 2046 locis
584 1997 664 2048 erant
685 2002 788 2060 stratae,
808 1990 864 2047 hoc
890 1990 1073 2058 consiliant
1097 1997 1126 2046 et

226 2067 363 2132 montium
383 2077 548 2143 tegerentur
568 2069 727 2138 altitudine,
742 2079 771 2124 et
791 2070 920 2128 arborum
939 2078 1031 2124 tractu
1047 2065 1125 2140 equi·

226 2155 302 2202 tatus
320 2144 445 2203 hostium
458 2147 652 2220 impediretur,
665 2166 702 2204 ne
721 2147 900 2203 multitudine
916 2140 1131 2204 clauderentur¹

188 2227 208 2280 4
229 2221 322 2292 Datis,
335 2223 390 2279 etsi
401 2239 458 2310 non
474 2239 583 2297 equum
595 2225 692 2281 locum
702 2224 817 2280 videbat
830 2223 901 2292 suis,
915 2233 1020 2290 tamen,
1034 2222 1125 2280 fretus

226 2315 348 2359 numero
367 2300 514 2374 copiarum
536 2317 659 2371 suarum,
681 2301 837 2376 confligere
860 2301 1008 2376 cupiebat:
1033 2317 1124 2373 eoque

226 2377 329 2452 magis,
340 2377 424 2451 quod,
438 2377 602 2453 priusquam
617 2378 830 2435 Lao'edaemouii
844 2377 973 2434 subsidio
984 2378 1124 2448 venirent,

228 2455 364 2512 dimicare
387 2455 457 2512 utile
480 2456 671 2514 arbitrabatur.
712 2457 810 2531 ltaque
834 2457 863 2512 in
885 2457 978 2513 eciem
998 2457 1125 2532 peditum

229 2544 353 2604 centum,
381 2533 506 2608 equitum
532 2534 635 2591 decem
661 2533 741 2591 milia
770 2535 910 2609 produxit,
937 2534 1124 2610 proeliumque

189 2617 208 2669 5
229 2613 380 2670 commisit.
421 2613 455 2669 In
475 2630 531 2686 quo
551 2623 627 2669 tanto
647 2613 712 2686 plus
727 2613 828 2670 virtute
842 2614 991 2670 veluemnt
1005 2613 1125 2669 Atheni·

278 2719 280 2722 ·
348 2709 444 2759 enses,
458 2701 488 2747 ut
509 2691 719 2765 decemplicem
741 2709 890 2748 numerum
913 2691 1038 2748 hostium
1061 2710 1125 2765 pro-

233 2747 301 2846 ἕνα),
347 2767 487 2843 digerint;
510 2768 638 2843 adeoque
660 2780 880 2858 perterruerunt,
897 2780 928 2826 ut
950 2770 1048 2827 Persae
1068 2789 1125 2826 non

222 2845 309 2934 ²⁴3⁰„
348 2855 451 2917 castra,
466 2846 519 2905 sed
542 2867 633 2904 naves
657 2847 801 2924 petierint.
843 2849 909 2913 Qua
932 2866 1029 2924 pugna
1052 2848 1125 2906 nihil

348 2924 440 2983 adhuc
457 2935 501 2982 est
513 2926 656 2996 nobilius;
676 2928 755 2984 nulla
769 2926 846 2984 euim
859 2946 991 3001 umquam
1004 2939 1062 2984 tam
1077 2945 1126 2982 ex·

228 3001 297 3080 igue
309 3021 410 3060 manue
424 3014 517 3060 tantas
532 3022 603 3092 opes
616 3006 776 3079 prostravit.

191 3085 205 3140 l
268 3081 321 3138 Vl.
344 3082 434 3157 Cujus
448 3082 575 3138 victoriae
594 3101 652 3138 nou
673 3083 799 3139 alienum
819 3079 931 3139 videtur
951 3083 1034 3155 quale
1055 3100 1125 3156 prae·

227 3159 317 3216 mium
330 3159 455 3216 Miltiadi
469 3159 507 3213 sit
517 3159 663 3245 tributum,
675 3159 790 3227 docere,
804 3177 859 3232 quo
874 3159 987 3215 facilius
1002 3157 1125 3233 intelligi

189 3240 209 3293 2
229 3229 331 3321 possit,
337 3235 467 3290 eamdem
475 3251 600 3289 omnium
610 3233 754 3290 civitatum
764 3254 831 3292 esse
840 3245 978 3291 naturam
1000 3236 1039 3291 Ut
1048 3254 1126 3296 enrm

228 3310 328 3386 populi
347 3311 437 3387 nostri
457 3308 580 3365 honores
602 3311 743 3382 quondam
762 3311 876 3368 fuerunt
891 3313 946 3368 rari
966 3323 1125 3388 attenues,

229 3387 266 3444 ob
285 3397 415 3474 eamque.
428 3401 544 3443 causam
566 3387 701 3461 gloriosi,
722 3407 798 3445 nuno
821 3399 915 3445 autem
936 3390 1020 3447 effusi
1040 3402 1125 3480 atque

229 3463 368 3521 obsoleti:
392 3463 435 3520 sic
457 3463 526 3521 olim
548 3464 622 3538 apud
635 3465 831 3524 Athenienses
850 3466 941 3524 luisse
955 3470 1125 3545 reperimus.

191 3547 209 3602 ³
230 3541 362 3616 Namque
381 3541 449 3598 huic
468 3542 603 3611 Miltiadi,
616 3561 664 3616 qui
657 3543 809 3601 Athenas
825 3555 967 3620 totamque
985 3547 1127 3604 Groeciam

229 3619 372 3689 liberarat,
399 3620 465 3677 talis
499 3619 591 3676 honos
621 3621 740 3680 tributus
775 3634 820 3679 est
853 3623 883 3680 iu
915 3626 1037 3698 porticu,
1064 3643 1126 3700 quae

231 3699 346 3766 Ποικίλη
360 3708 487 3767 vocatur,
500 3716 586 3772 quum
603 3716 699 3773 pugna
715 3699 931 3790 depingeretur
936 3703 1127 3772 Marathonia,

229 3776 304 3836 utin
317 3775 421 3836 decem
440 3787 590 3851 praetorum
602 3794 721 3834 numero
740 3779 832 3853 prima
846 3780 909 3856 ejus
923 3778 1019 3856 imago
1038 3798 1127 3856 pone·
