2646 4462
472 1011 907 1090 PRAEFAT-IO.

532 1439 844 1534 nneuuuuuuu.

213 1613 319 1671 Auster
331 1615 474 1691 empturo
485 1633 586 1690 genus,
600 1633 652 1690 quo
665 1633 737 1672 usus
749 1624 800 1683 est,
815 1618 842 1670 et
854 1627 954 1684 romeu,
967 1633 1039 1691 ques
1052 1632 1118 1693 per·

252 1728 363 1776 secutus
375 1728 427 1788 est,
441 1717 578 1775 testem
592 1729 705 1776 excusat
722 1737 827 1776 ntorum
843 1718 1000 1778 Grecos-um
1013 1729 1040 1777 et
1057 1718 1117 1778 120-

251 1841 394 1879 manomm
413 1821 583 1880 diversitate.

252 1988 277 2046 1.
300 1989 372 2046 Nou
387 1989 493 2061 dubito,
507 1989 569 2048 fore
585 1991 751 2068 plerosque,
765 1991 872 2062 Attice,
885 1989 934 2066 qui
952 1988 1009 2048 hoc
1024 2009 1116 2066 genus
1139 1995 1153 2050 1

213 2092 361 2170 scripture
380 2093 447 2152 leve
463 2105 492 2151 et
507 2113 566 2152 non
579 2095 650 2153 setis
671 2095 789 2170 dignum
808 2111 981 2153 summorum
994 2094 1118 2152 virorum

212 2197 346 2273 personis
363 2197 505 2274 judicent,
519 2217 606 2274 quum
628 2199 749 2256 relatum
769 2199 878 2276 legent,
893 2198 958 2274 quis
976 2197 1118 2256 musicam

214 2298 345 2359 docuerit
363 2301 612 2378 Epaminondam
634 2313 682 2362 eut
701 2303 732 2360 in
750 2305 814 2380 ejus
827 2303 977 2361 virtutibus
992 2321 1117 2361 comme·

213 2405 327 2474 mereri,
342 2405 467 2463 saltasse
490 2424 556 2462 eum
578 2407 727 2465 commode
747 2408 930 2482 scienterque
950 2407 1029 2465 tibiis
1048 2425 1116 2464 enn-

203 2517 302 2566 stesso.
355 2507 417 2566 Sed
443 2501 475 2566 hi
504 2519 587 2566 erunt
613 2509 684 2580 sere,
711 2510 769 2585 qui,
797 2521 931 2587 expertes
959 2510 1154 2568 littersnnnt

215 2611 390 2684 Graecarum,
414 2611 488 2671 nihil
512 2623 631 2683 rectum,
655 2613 714 2671 nisi
737 2613 813 2688 quod
839 2614 967 2689 ipsorum
989 2613 1115 2671 moribus

214 2717 379 2788 conveniet,
392 2719 540 2793 putabunt.
565 2717 607 2776 Hi
621 2718 647 2774 si
662 2717 824 2788 didicerint,
838 2735 896 2775 non
909 2716 1012 2775 eedem
1025 2716 1116 2774 omni·
1135 2720 1154 2774 3

213 2820 267 2878 bus
281 2839 348 2878 esse
362 2818 486 2879 honeste
501 2831 584 2896 etque
595 2821 697 2896 turpia,
709 2819 762 2878 sed
776 2820 872 2877 omnis
884 2821 1022 2896 majorum
1035 2818 1116 2878 insti·

214 2921 285 2980 tutis
295 2923 429 3000 judicari,
442 2942 501 2982 non
515 2924 736 2993 admirabuntur,
749 2940 804 2979 nos
820 2922 851 2978 in
866 2921 1017 2978 Graiorum
1030 2921 1117 2979 virtu-

213 3026 291 3084 tibus
312 3027 492 3104 exponendis
512 3043 608 3087 mores
630 3043 729 3082 eorum
748 3034 875 3082 secutos.
915 3023 1020 3097 Neque
1038 3022 1116 3081 enim
1135 3027 1156 3084 4

215 3129 331 3188 Cimoni
351 3129 404 3188 suit
423 3141 517 3205 turpe,
533 3127 757 3187 Atheniensium
776 3143 887 3184 summo
902 3125 974 3196 viro,
988 3142 1117 3188 sororem

213 3251 379 3308 germenem
398 3231 506 3291 hebere
528 3233 559 3289 in
577 3231 774 3289 matrimonio:
803 3229 908 3306 quippe
928 3247 1015 3304 quum
1035 3229 1115 3288 cives

214 3337 278 3413 ejus
300 3335 405 3394 eodem
425 3346 572 3394 uterentur
590 3335 728 3392 instituto.
769 3335 808 3392 At
827 3333 858 3392 id
875 3332 992 3408 quidem
1008 3334 1116 3395 nom's

211 3440 339 3518 moribus
350 3438 433 3498 nesus
448 3439 577 3498 hebetur.
599 3438 717 3515 Magnis
728 3439 759 3496 in
771 3438 903 3497 leudibus
913 3444 973 3496 toti
986 3438 1047 3497 fere
1061 3438 1116 3498 fuit
1135 3443 1155 3498 5
1209 3503 1212 3510 ⁴

215 3544 339 3615 Grecii,
353 3544 495 3602 victorem
508 3541 651 3619 Olympiae
666 3543 766 3612 citeri;
788 3542 818 3600 in
833 3561 952 3600 scenam
964 3561 1033 3600 vero
1051 3561 1116 3620 pro·
1201 3569 1206 3580 ·

213 3648 277 3707 dire
291 3658 322 3706 et
337 3648 445 3724 populo
458 3666 527 3705 esse
541 3647 718 3723 spectaculo,
730 3647 840 3709 nemini
854 3647 885 3705 in
899 3647 1011 3705 eisdem
1024 3648 1116 3722 genti·

213 3751 267 3810 bus
294 3751 348 3813 fuit
373 3749 550 3826 turpitudini.
606 3750 685 3816 Quae·
706 3751 803 3811 omnia
830 3749 906 3824 epud
931 3769 985 3808 nos
1013 3750 1115 3825 partim
