2646 4462
386 450 391 458 .
443 401 514 466 vu.
542 411 589 466 ιο.
632 350 877 484 (iteratam)-
1049 417 1091 504 aa

195 547 396 623 quinquagena
420 543 527 606 talenta
539 550 691 625 vectigalis
712 551 852 628 capiebat.
894 553 961 619 Qua
984 553 1095 612 fortuma
1113 560 1133 622 ‚4

195 625 364 684 Alcibiades
389 645 447 685 non
472 639 532 685 erat
556 639 716 696 contentae,
740 648 834 703 neque
857 629 986 688 Athenas
1001 632 1093 702 victas

196 703 425 761 Lacedaemoniis
440 705 549 762 servire
569 716 678 780 poterat
694 707 762 781 pati.
803 707 902 782 Itaque
918 707 953 765 ad
972 709 1094 784 patriam

194 781 372 840 liberandam
385 784 462 841 omni
476 783 619 841 ferebatur
632 784 815 860 cogitatione.
853 785 913 843 Sed
926 787 1049 860 videbat,
1062 787 1093 848 id
1112 792 1131 845 5

194 860 334 936 sinerege
345 861 563 933 Persammnon
571 879 658 936 posse
668 862 744 918 fieri:
765 862 886 938 ideoque
897 881 961 922 eum
970 864 1092 934 amicum

194 937 251 994 sibi
266 938 399 1014 cupiebat
412 939 546 1016 adjungi;
567 958 660 1016 neque
674 938 827 1010 dubitabat,
842 941 928 1000 facile
942 962 974 1000 se
990 962 1092 1001 conse·

194 1027 332 1086 antarum,
342 1017 368 1073 si
382 1017 465 1074 modo
475 1019 536 1093 ejus
546 1013 737 1073 conveniendi
750 1015 900 1086 habuisset
910 1031 1089 1094 potestatem.

193 1095 271 1152 Nam
287 1095 394 1170 Cyrum
407 1094 521 1152 fratrem
534 1094 562 1151 ei
575 1094 682 1151 bellum
696 1094 770 1152 clam
782 1113 893 1169 parare,
909 1095 1091 1156 Lacedaemo·

193 1173 250 1229 niis
266 1173 471 1248 adjuvantibus,
485 1173 612 1240 sciebat;
633 1171 664 1228 id
684 1172 710 1228 si
725 1173 896 1247 aperuisset,
909 1193 1043 1250 magnam
1056 1195 1090 1234 se

193 1251 327 1312 initurum
341 1252 459 1325 gratiam
472 1250 595 1306 videbat.

234 1329 272 1386 X.
314 1329 385 1385 Haee
405 1347 490 1402 quum
502 1324 657 1398 moliretur,
677 1339 844 1404 peteretque
859 1349 876 1386 a
893 1329 1089 1400 Pharnabazo,
1110 1333 1125 1392 l

192 1418 223 1463 ut
237 1407 273 1463 ad
286 1425 383 1481 regem
396 1406 562 1474 mitteretur,
572 1405 674 1462 eodem
684 1416 811 1481 tempore
825 1407 930 1464 Critias
942 1408 1088 1483 ceterique

191 1485 304 1560 tyranni
319 1479 539 1539 Atheniensium
552 1493 647 1540 certos
662 1482 793 1550 homines
809 1483 844 1541 ad
865 1484 1045 1560 Lysandrum
1059 1484 1089 1543 in

192 1563 292 1620 Asiam
305 1563 451 1628 miserunt,
465 1559 514 1633 qui
528 1579 594 1616 eum
614 1560 766 1619 certiorem
779 1563 917 1632 facerent,
931 1563 989 1620 nisi
1010 1561 1089 1620 Alci·

191 1641 304 1700 biadem
317 1637 490 1707 sustulisset,
504 1637 578 1704 nihil
600 1658 698 1696 earum
710 1659 804 1698 rerum
828 1640 889 1698 sore
903 1652 1002 1711 ratum,
1016 1659 1087 1716 quas

190 1719 254 1793 ipse
272 1715 393 1773 Athenis
408 1716 614 1774 constituisset.
657 1718 763 1787 Quare,
778 1719 804 1775 si
829 1738 896 1776 suas
917 1739 964 1776 res
989 1730 1087 1794 gestas

188 1813 304 1852 manere
325 1795 421 1864 vellet,
442 1795 523 1852 illum
545 1806 774 1870 persequeretur.
816 1797 872 1855 His
897 1797 977 1856 Laco
1001 1799 1086 1854 rebus
1106 1801 1133 1856 2·

188 1883 346 1930 commotus
361 1873 457 1929 statuit
472 1873 634 1930 accuratius
649 1873 705 1930 sibi
718 1875 860 1950 agendum
874 1893 939 1931 cum
960 1874 1087 1932 Pharna·

186 1953 270 2008 bezo.
292 1951 370 2008 Huic
386 1969 453 2027 ergo
462 1949 615 2020 renuntiat,
626 1969 688 2026 qua
702 1953 765 2028 regi
780 1972 844 2010 cum
859 1951 1086 2010 Laeedaemoniis

186 2039 296 2098 essent,
311 2029 388 2085 irrita
402 2028 502 2100 sutura,
513 2029 567 2086 nisi
584 2029 765 2088 Alcibiadem
778 2031 875 2088 vivum
888 2041 936 2087 aut
948 2039 1087 2092 mortuum

185 2106 362 2164 tradidisset.
404 2108 472 2164 Non
491 2107 555 2164 tulit
568 2107 624 2165 hoc
639 2117 779 2183 satrapes,
793 2119 822 2164 et
835 2109 944 2166 violare
960 2108 1085 2164 clemen·
1106 2109 1124 2163 3

186 2186 264 2253 tiam,
291 2203 376 2259 quam
402 2185 480 2259 regis
508 2203 579 2260 opes
607 2186 696 2242 minui
723 2187 831 2244 maluit.
882 2187 980 2260 Itaque
1007 2185 1086 2242 misit

187 2263 386 2320 Susamithren
401 2273 430 2319 et
450 2263 586 2338 Bagaeum
600 2263 636 2320 ad
650 2262 829 2322 Alcibiadem
849 2263 1085 2332 interficiendum,

185 2360 273 2416 quum
283 2340 332 2398 ille
342 2352 420 2399 esset
433 2342 463 2397 in
478 2341 615 2416 Phrygia,
624 2342 732 2414 iterque
743 2342 778 2399 ad
792 2360 890 2417 regem
899 2352 1084 2416 compararet.

187 2419 275 2476 Missi
289 2419 365 2476 clam
377 2419 526 2488 vicinitati,
550 2420 581 2476 in
594 2438 649 2492 qua
672 2429 732 2476 tum
745 2419 911 2478 Alcibiades
935 2429 1004 2487 erat,
1018 2419 1085 2475 dant
1104 2421 1123 2474 4

185 2497 340 2572 negotium,
354 2507 385 2553 ut
406 2507 474 2554 'eum
495 2497 676 2553 interficiant.
717 2496 765 2554 llli
788 2515 874 2571 quum
896 2495 986 2572 [eum]
1008 2495 1084 2552 ferro

187 2575 306 2650 aggredi
327 2593 385 2631 non
408 2576 553 2644 auderent,
580 2585 667 2631 noctu
694 2574 773 2649 ligna
800 2574 980 2630 contrrlerunt
1006 2572 1086 2638 circa

186 2672 286 2710 casam
307 2672 379 2721 eam,
401 2653 431 2709 in
445 2671 501 2727 qua
524 2653 700 2727 quiescebat,
715 2670 833 2726 eamque
855 2651 1081 2710 succenderunt:

186 2741 217 2788 ut
231 2730 367 2787 incendio
382 2732 565 2800 conficerent,
574 2749 659 2806 quern
672 2747 757 2786 mauu
771 2730 901 2804 superari
915 2746 1002 2803 posse
1011 2728 1084 2784 diffi-

187 2809 300 2865 debant.
342 2809 396 2866 Ille
411 2819 505 2864 antem
518 2819 548 2864 ut
561 2808 656 2865 sonitu
669 2807 786 2863 flamma
806 2818 852 2864 est
865 2807 1014 2875 excitatus,
1029 2805 1084 2863 etsi
1104 2809 1122 2862 5

187 2887 300 2960 gladius
315 2886 344 2942 ei
358 2897 419 2943 erat
439 2886 605 2954 subductus,
622 2884 771 2942 familiaris
786 2885 830 2940 sui
845 2884 975 2952 subalare
996 2885 1084 2940 telum

187 2963 301 3038 eripuit.
343 2963 474 3038 Namque
490 2973 550 3020 erat
564 2981 629 3020 cum
643 2979 679 3018 eo
699 2961 814 3036 quidam
828 2977 865 3017 ex
879 2959 1004 3016 Arcadia
1017 2956 1084 3015 hod·

185 3060 250 3116 pes,
270 3041 319 3115 qui
339 3060 490 3116 numquam
510 3041 661 3098 discedere
675 3040 812 3095 voluerat.
854 3037 940 3094 Hunc
953 3037 1036 3110 sequi
1050 3055 1083 3093 se

183 3121 273 3194 jubet,
288 3129 317 3176 et
337 3119 376 3189 id,
387 3120 461 3193 quod
482 3119 511 3176 in
525 3117 677 3194 praesentia
689 3115 922 3173 vestimentorum
941 3113 1003 3182 fuit,
1016 3113 1084 3170 arri·

187 3197 256 3271 puit.
286 3197 343 3254 His
358 3198 499 3273 inignem
514 3197 625 3272 ejectis,
636 3195 754 3252 flamma
768 3193 829 3250 vim
840 3191 960 3252 transiit.
988 3191 1083 3257 Quem
1104 3194 1122 3248 6

187 3285 218 3330 ut
239 3275 350 3331 barbari
373 3275 539 3340 incendium
561 3274 699 3349 effugisse
720 3271 859 3340 viderunt,
881 3270 947 3327 telis
972 3269 1084 3331 eminus

186 3351 286 3410 missis
301 3353 515 3420 interfecerunt,
530 3362 668 3427 caputque
684 3351 746 3430 ejus
762 3350 797 3407 ad
812 3345 1027 3433 Pharnabazum
1040 3365 1085 3405 re·

186 3430 320 3487 tulerunt.
372 3432 410 3487 At
432 3429 544 3498 mulier,
568 3447 630 3506 qnae
655 3447 720 3485 cum
747 3445 782 3484 eo
805 3427 902 3487 vivere
924 3425 1084 3494 consuerat,

186 3508 319 3563 muliebri
333 3527 386 3564 sua
399 3519 480 3564 veste
496 3517 657 3563 contectum
671 3505 785 3562 aedificii
798 3503 932 3562 incendio
946 3514 1083 3560 mortuum

188 3584 334 3653 cremavit,
343 3585 418 3658 quod
429 3584 465 3641 ad
479 3584 574 3640 vivum
583 3583 802 3640 interimendum
815 3592 875 3658 erat
884 3589 1084 3655 comparatum.

189 3661 240 3716 Sic
256 3662 433 3731 Alcibiades,
445 3680 534 3718 annos
550 3662 664 3719 circiter
676 3658 861 3734 quadraginta
874 3659 966 3726 natus,

189 3737 266 3794 diem
279 3739 350 3795 obiit
363 3758 535 3815 supremum.
629 3775 631 3782 ·
911 3759 913 3764 ¹
982 3695 1073 3781 tigla-
