2646 4462
435 407 474 470 11.
499 411 597 483 9,10.
640 393 901 485 (remstede.)
1079 407 1117 464 ro

217 554 386 624 le'retsilri3
399 553 525 626 difficile
548 553 626 610 enim
649 571 727 623 esse,
747 552 778 608 in
799 563 858 608 tam
875 551 1033 628 propinquo
1053 549 1119 606 loco

216 643 276 690 tuto
296 651 363 691 eum
380 633 501 690 versari.
542 632 641 706 Itaque
663 631 795 706 Pydnam
815 649 881 688 eum
901 628 1005 686 deduci
1022 627 1119 704 jussit,

219 722 249 769 et
260 711 337 786 quod
351 711 422 767 satis
437 720 517 772 esset
529 711 666 784 presidii,
674 709 763 768 dedit.
795 709 853 772 Hic
868 709 898 765 in
912 725 1016 764 narem
1028 707 1119 764 omni·
1139 707 1158 762 6

218 791 271 848 hus
296 789 412 864 ignotus
432 789 527 846 nautis
549 787 708 845 adscendit.
750 789 822 853 Qum
861 805 928 843 uum
947 794 1118 862 tempestate

218 868 343 924 maxima
370 867 486 924 Naxum
506 865 636 935 ferretur,
659 865 708 922 uhi
729 875 789 922 tum
811 806 1031 944 Atheniensium
1059 873 1120 920 erat

220 945 383 1004 exereitus:
406 944 498 1002 sensit
517 943 742 1012 Themistocles,
757 943 783 1000 si
804 961 840 1000 eo
859 943 1049 1018 pervenisset,
1064 941 1119 998 sibi

221 1043 288 1088 esse
297 1023 483 1100 pereundum.
513 1023 578 1082 Hac
587 1021 763 1080 necessitate
775 1031 892 1077 coactus
904 1020 1018 1078 domino
1027 1019 1120 1090 navis,

220 1103 268 1177 qui
283 1102 330 1172 sit,
345 1102 446 1177 aperit,
460 1101 548 1158 multa
560 1099 714 1176 pollicens,
728 1100 755 1157 si
775 1118 808 1156 se
830 1108 1041 1156 conservasset.
1082 1099 1121 1155 At
1140 1101 1159 1154 7

220 1181 281 1251 ille,
292 1180 446 1238 clarissimi
459 1179 514 1236 riri
527 1189 627 1254 captus
640 1177 848 1247 misericordia,
862 1177 938 1234 diem
950 1185 1120 1250 noctemque

221 1259 321 1336 procul
335 1260 370 1316 ab
384 1259 480 1316 insule
494 1257 524 1314 in
538 1257 600 1314 selo
618 1274 722 1313 navem
741 1256 832 1312 tenuit
845 1255 875 1312 in
890 1255 1014 1324 ancoris,
1026 1273 1121 1328 neque

222 1355 391 1412 quemquam
405 1354 442 1393 ex
456 1352 492 1394 ea
506 1335 586 1392 exire
600 1353 704 1410 passus
719 1345 772 1390 est.
808 1334 879 1391 Indo
895 1333 1046 1408 Ephorum
1059 1351 1122 1408 per-

222 1416 310 1484 venit,
320 1415 416 1490 ibique
430 1413 659 1471 Themistoclem
673 1413 806 1488 exponit:
830 1413 877 1470 cui
890 1412 940 1469 ille
951 1429 1003 1487 pro
1013 1410 1122 1469 meritis

225 1493 342 1569 gratiam
354 1504 458 1568 postea
471 1491 577 1549 retulit.

264 1572 318 1633 IX.
350 1572 430 1641 Scio,
454 1571 608 1646 plerosque
630 1569 857 1644 ita'scripsrsse,
871 1567 1123 1638 Themistoclem,
1145 1572 1159 1626 l

224 1650 323 1708 Xerxe
337 1660 485 1726 regnante,
499 1649 531 1705 in
544 1649 645 1704 Asiam
665 1647 834 1704 transisse..
856 1647 917 1706 Sed
937 1665 992 1723 ego
1008 1647 1124 1723 potissi·

224 1748 301 1786 mum
309 1728 476 1804 Thucydidi
491 1727 588 1796 credo,
599 1727 674 1800 quod
688 1736 768 1783 atate
783 1725 938 1802 proximus,
949 1725 997 1800 qui
1010 1727 1125 1784 illorum

224 1816 384 1882 temporum
409 1806 559 1863 historiam
585 1805 768 1879 reliquerunt,
788 1814 817 1860 et
841 1805 972 1880 ejusdem
1000 1804 1123 1861 civitatis

224 1884 286 1942 fuit.
328 1885 358 1941 Is
373 1894 467 1940 autem
486 1884 534 1954 ait,
550 1883 589 1940 ad¹
606 1885 795 1940 Artaxerxem
815 1901 881 1939 eum
894 1882 1021 1952 venisse,
1040 1893 1124 1956 atque

224 1963 272 2020 his
283 1962 378 2018 verbis
394 1961 545 2036 epistolam
553 1961 689 2018 misisse:
710 1959 904 2018 Themistocles
914 1962 976 2018 oeni
985 1961 1022 2016 ed
1033 1971 1067 2028 te,
1078 1961 1125 2034 qui
1142 1963 1162 2016 2

220 2041 345 2119 plurime
367 2039 440 2110 melu
458 2041 575 2104 omnium
597 2040 746 2096 Graiorum
765 2040 795 2096 io
818 2039 925 2096 domum
943 2039 1124 2107 triumuirali,

225 2139 308 2195 quum
328 2119 406 2174 mihi-
418 2137 524 2174 maesse
540 2116 612 2194 suit,
635 2118 770 2175 adversus
788 2127 905 2194 patrem*
920 2127 996 2172 taum
1018 2117 1126 2186 bellare,

221 2199 395 2274 patriamque
421 2215 507 2252 nwem
533 2195 685 2274 defendere.
736 2195 815 2255 Idem
838 2197 922 2254 multo
944 2196 1029 2272 plura
1056 2196 1164 2252 doaa3

229 2273 427 2352 [rursua]seei‚
436 2285 584 2351 postquam
594 2277 624 2332 ia
638 2286 697 2332 tuto
711 2277 779 2352 ipse,
790 2286 817 2331 et
832 2275 879 2331 ille
892 2277 922 2331 in
930 2275 1052 2351 periculo
1066 2295 1126 2332 ease

228 2356 313 2430 cepit.
355 2353 433 2410 Nam
446 2373 528 2428 qaum
546 2355 577 2412 in
591 2355 692 2412 Asiam
714 2355 814 2411 reverti
833 2353 920 2422 vellet,
936 2353 1033 2430 proelr'o
1053 2353 1136 2432 apud·

230 2429 468 2508 Salaminasorto‚
480 2432 581 2489 litteris
595 2453 654 2489 eum
667 2435 805 2490 certiorem
811 2430 880 2508 feci,
895 2432 925 2488 id
937 2435 995 2508 egi,
1004 2443 1036 2488 ut
1044 2451 1127 2508 porr,

228 2529 306 2584 quem
318 2511 348 2566 ia
360 2508 540 2586 Hellesponto
545 2509 665 2587 freceret,
684 2510 887 2578 dissolveretur,
901 2519 981 2584 etque
995 2510 1029 2565 ab
1043 2511 1127 2566 losa·

230 2589 281 2644 bus
300 2589 504 2646 circumiretur:
524 2609 578 2664 qao
595 2591 691 2654 annuo
714 2590 761 2646 ille
775 2589 898 2664 periculo
920 2598 962 2644 est
984 2587 1125 2644 liberatas.

230 2665 317 2730 Nure,
332 2675 422 2724 autem
441 2664 553 2743 confugi
573 2668 610 2725 ad
631 2677 666 2736 re,
684 2669 843 2744 exagitetur
857 2687 875 2724 a
888 2665 985 2723 cuncte
1009 2665 1167 2736 Grecio,4

231 2755 305 2800 tuam
319 2755 425 2820 petens¹
435 2746 602 2802 amicitiam:
622 2747 742 2821 quamsi¹
761 2765 806 2802 ero
827 2747 951 2822 adeptos,
965 2765 1020 2802 noa
1037 2747 1129 2804 minus

230 2841 272 2878 me
296 2822 393 2878 donum
419 2825 535 2878 omicron
554 2825 674 2892 hebebis,
704 2843 786 2898 quam
798 2822 905 2901 sortem
923 2826 1061 2880 inimicum
1082 2824 1129 2880 ille

232 2910 357 2974 expertus
370 2911 422 2956 est.
455 2900 505 2957 Εα
518 2912 609 2959 eutem
621 2921 696 2976 rogo,
710 2911 741 2956 ut
755 2901 787 2956 de
801 2902 845 2957 lis
858 2902 947 2971 reduc,
960 2921 1031 2977 ques
1044 2911 1131 2958 terrem

232 2977 346 3052 colloqui
356 2979 424 3048 volo,
438 2999 542 3039 aarum
553 2979 619 3036 milri
630 2980 759 3054 temporis
769 2979 827 3047 des,
840 2996 921 3052 eoque
934 2989 1075 3035 transacto
1093 2979 1131 3035 ad

232 3065 259 3112 te
272 3057 361 3114 oeor're
371 3059 503 3132 patiaris.
1017 3092 1018 3098 =

238 3194 240 3202 ,
273 3133 310 3192 Χ.
332 3134 429 3210 Hujus
442 3153 495 3192 rex
505 3134 593 3194 animi
601 3133 825 3212 magnitudinem
835 3133 988 3203 admirans,
998 3133 1131 3208 cupiens·
1151 3137 1168 3192 1

232 3227 287 3286 que
298 3212 386 3282 talem
395 3213 487 3272 virum
497 3214 553 3273 sibi
567 3213 726 3284 conciliari,
734 3213 847 3270 veniam
859 3211 946 3271 dedit.
982 3213 1037 3270 Ille
1046 3219 1131 3271 omne

232 3287 303 3348 illud
316 3299 429 3365 tempus
440 3291 543 3350 litteris
558 3291 739 3368 sermonique
754 3293 908 3350 Persarum
917 3290 1013 3349 dedit:
1029 3291 1131 3366 quibus

233 3367 306 3425 adeo
334 3368 462 3426 eruditus
487 3379 540 3440 est,
561 3381 593 3428 ut
615 3371 704 3428 multo
725 3370 900 3428 commodius
925 3369 1036 3427 dicatur
1057 3371 1132 3447 apud

232 3462 333 3520 regem
346 3448 436 3502 verba
455 3447 574 3518 secisse,
587 3467 672 3522 quem
685 3448 717 3504 hi
736 3458 875 3524 poterant,
889 3449 937 3522 qui
957 3450 988 3508 in
1009 3449 1131 3506 Perside

233 3533 314 3580 erant
327 3523 396 3581 nati.
431 3525 490 3582 Hic
501 3544 586 3600 quum
595 3527 684 3583 multa
696 3527 759 3602 regi
774 3538 853 3584 osset
866 3527 1020 3603 pollicitus,
1032 3529 1132 3602 gratis·
1151 3529 1171 3583 2

234 3601 394 3675 sinumque
405 3601 485 3672 illud,
496 3605 522 3660 si
533 3604 594 3664 suis
604 3605 785 3662 uticensiliis
793 3606 891 3675 vellet,
900 3605 981 3664 illum
991 3605 1133 3662 Graciam

233 3679 311 3736 bello
335 3697 556 3755 oppressurum
584 3683 697 3758 magnis
717 3684 889 3741 muneribus
914 3685 949 3740 ab
973 3684 1132 3739 Artaxerxe

234 3755 355 3816 donatus
370 3757 401 3816 in
415 3758 515 3818 Asiam
535 3759 629 3829 rediit,
644 3761 875 3836 domiciliumque
896 3759 1056 3834 Magnesia
1077 3759 1132 3817 sibi
