2646 4462
371 476 430 540 XI.
469 483 496 551 1,
518 482 548 538 2.
594 475 806 558 (Iphicrates.)
1002 477 1046 536 4⁷

304 845 389 920 XI.
441 843 898 918 IPHICRATES.

534 1031 673 1042 --

441 1167 750 1230 ARGUMENTUM.

146 1292 243 1353 GAP.
259 1289 286 1349 Ι.
311 1289 470 1367 Disciplina
488 1289 604 1347 militari
624 1289 734 1352 nobilis.
775 1287 819 1346 II.
840 1288 917 1363 Ejus
940 1309 954 1345 o
1023 1291 1045 1347 i·

184 1369 399 1428 tiouesbellicc:
414 1369 451 1426 od
463 1368 633 1435 Corinthum,
642 1367 776 1426 adversus
788 1367 921 1436 Tirocos,
974 1387 1046 1445 gyp-

183 1453 247 1519 tios,
260 1461 340 1525 atque
354 1446 494 1504 Arcados.
531 1445 593 1502 ΙΙΙ.
616 1444 766 1522 Iphicratis
776 1465 863 1502 mores
874 1447 1045 1524 corporisque

174 1527 282 1606 sm.
321 1577 332 1582 ,

183 1657 209 1716 I.
250 1656 421 1732 Iphicrites,
449 1653 648 1722 Atheniensis,
675 1673 732 1710 nou
759 1665 817 1710 tem
848 1655 1042 1730 magnitudine
1067 1659 1079 1712 1

141 1755 238 1792 rerum
252 1748 405 1810 gestarum,
419 1753 503 1808 quem
517 1732 671 1808 disciplina
684 1732 799 1789 militari
813 1732 978 1790 nobilitatus
990 1744 1044 1790 est.

143 1815 212 1872 Fuit
226 1813 303 1871 euim
314 1812 380 1870 talis
395 1813 462 1880 dux,
473 1823 503 1868 ut
517 1829 573 1868 non
584 1811 677 1866 solum
691 1809 780 1866 estatis
796 1829 854 1866 suae
866 1829 931 1866 cum
944 1811 1044 1887 primis

137 1902 365 1968 compararetur,
381 1890 435 1947 sed
454 1909 491 1950 ue
513 1890 549 1946 de
571 1890 725 1965 majoribus
746 1900 813 1945 natu
832 1889 948 1962 quidem
968 1890 1045 1963 quis-

143 1990 228 2044 quam
243 1979 473 2045 anteponeretur.
516 1968 637 2025 Multum
650 1985 720 2024 vero
741 1966 771 2024 in
791 1968 869 2023 bello
890 1978 936 2023 est
949 1985 1045 2022 verse·
1065 1973 1084 2024 2

143 2061 207 2118 tus,
240 2067 318 2124 saepe
342 2048 515 2105 exercitibus
537 2045 665 2122 prefuit,
693 2063 832 2118 nusquam
854 2045 939 2118 culpi
965 2044 1042 2121 [suit]

143 2129 219 2186 mele
242 2146 304 2184 rem
328 2126 436 2202 gessit;
458 2144 573 2200 semper
595 2123 717 2180 consilio
731 2123 809 2193 vicit,
824 2134 986 2196 tantumque
1008 2141 1044 2180 eo

145 2205 244 2276 veluit,
272 2215 302 2262 ut
328 2205 416 2261 multi
442 2204 473 2262 in
494 2222 525 2260 re
547 2201 664 2259 militari
686 2200 790 2277 partim
812 2220 886 2259 nova
910 2201 1043 2270 attulerit,
1118 2202 1122 2209 '

144 2286 249 2360 partim
270 2283 391 2340 meliora
415 2281 527 2339 lecerit.
569 2281 699 2354 Namque
724 2281 774 2336 ille
797 2279 943 2356 pedestris
967 2285 1084 2338 erme3

144 2364 271 2432 mutavit,
285 2381 370 2436 quum
385 2372 450 2418 ente
464 2360 545 2417 illum
558 2359 759 2434 imperatorem
772 2357 905 2415 maximis
920 2359 1042 2434 clypeis,

144 2441 281 2498 brevibus
302 2440 403 2509 hastis,
418 2437 534 2496 minutis
556 2437 659 2513 gladiis
680 2448 834 2493 uterentur.
874 2437 929 2516 Ille
945 2456 961 2493 e
976 2455 1043 2494 con·
1058 2441 1082 2494 t

145 2519 232 2578 trerio
245 2520 352 2595 peltam
367 2537 418 2593 pro
438 2535 536 2593 parma
556 2515 626 2572 secit
646 2517 676 2590 (e
689 2533 744 2590 quo
764 2526 865 2590 postea
888 2517 1044 2572 πελτασταὶ

166 2597 259 2654 edites
282 2596 483 2672 appellentur),
497 2607 527 2652 ut
548 2595 583 2651 ad
602 2606 695 2650 motus
713 2611 926 2667 concursusque
944 2605 1045 2649 essent

144 2615 281 2732 leviores.
323 2676 423 2732 Hastae
438 2674 551 2730 modum
572 2673 745 2748 duplicavit;
768 2672 878 2748 gladios
897 2670 1043 2747 longiores

144 2753 225 2810 lecit.
260 2753 342 2810 Idem
356 2772 446 2828 genus
460 2751 613 2810 loricarum
625 2751 753 2820 mutavit,
762 2763 791 2808 et
801 2770 852 2826 pro
862 2749 947 2810 sertis
960 2760 1043 2825 utque

144 2832 236 2888 aeneis
250 2831 356 2889 linteas
370 2831 458 2888 dedit.
495 2830 560 2896 Quo
571 2831 646 2887 facto
658 2829 851 2905 expeditiores
862 2829 970 2886 milites
981 2829 1044 2886 red·

144 2908 227 2966 didit.
269 2910 346 2966 Nem
359 2910 485 2985 pondere
497 2910 632 2977 detrecto,
641 2909 715 2982 quod
730 2927 807 2981 seque
820 2926 922 2983 corpur
933 2918 1045 2984 tegeret

145 2999 177 3045 et
188 2989 255 3045 leve
271 2999 359 3058 esset,
375 2988 493 3044 curavit.

186 3066 227 3124 II.
249 3067 364 3124 Bellum
386 3086 451 3123 cum
464 3065 627 3124 Threcibus
641 3063 750 3140 gessit;
773 3061 912 3131 Seuthen,
932 3063 1042 3120 socium
1065 3067 1078 3120 l

146 3143 379 3215 Atheniensium,
399 3145 429 3202 in
449 3143 569 3220 regnum
588 3141 720 3200 restituit.
762 3140 846 3215 Apud
867 3140 923 3197 Co·
968 3154 1022 3204 'm

145 3222 273 3279 riuthurn
292 3233 371 3280 tante
398 3223 554 3280 severitate
583 3220 722 3279 exercitui
749 3219 868 3295 prefuit,
895 3228 926 3275 ut
962 3214 1046 3254 *Μ

145 3301 234 3357 uullae
255 3319 388 3374 umquem
408 3299 439 3357 in
465 3300 578 3356 Graecie
599 3318 693 3375 neque
711 3297 928 3356 exercitatiores
943 3296 1043 3372 copiae,

145 3395 240 3451 neque
261 3379 353 3454 magis
376 3377 454 3435 dicto
475 3377 624 3435 audientes
643 3377 747 3434 luerint
767 3376 851 3446 duci,
872 3375 903 3434 iu
923 3393 1041 3450 eumque
1061 3378 1081 3434 2

146 3455 387 3512 consuetudinem
407 3455 533 3524 adduxit,
547 3466 586 3524 ut,
599 3473 685 3528 quum
704 3455 798 3529 proelii
817 3455 930 3530 signum
943 3456 978 3512 sb
993 3455 1045 3512 im·

145 3545 278 3610 peratore
294 3544 374 3590 esset
386 3533 491 3604 datum,
503 3533 566 3590 sine
581 3533 663 3588 ducis
677 3551 765 3608 opera
776 3532 819 3590 sic
831 3534 965 3591 ordinatu
977 3551 1045 3592 cou-

146 3609 294 3680 sisterent,
308 3622 339 3668 ιιι
354 3611 461 3687 singuli
482 3613 517 3668 sb
530 3609 706 3686 peritissimo
726 3610 897 3686 imperatore
911 3610 1044 3688 dispositi

144 3686 322 3746 viderentur.
377 3690 443 3746 Hoc
472 3689 601 3746 exercitu
627 3707 748 3746 morsm.
763 3688 1083 3746 Lacedaernoniorum3

143 3766 318 3842 intercepit:
341 3767 416 3842 quod
429 3768 553 3824 maxims
576 3777 635 3823 tote
659 3769 833 3824 celebratum
855 3777 900 3824 est
921 3765 1044 3821 Graecie.

144 3845 254 3902 Iterum
269 3845 372 3903 eodem
391 3845 469 3904 bello
489 3863 589 3902 omnes
611 3845 709 3919 copies
730 3863 827 3901 eorum
841 3841 957 3917 fugavit.
980 3840 1045 3906 Quo
