2646 4462
452 463 477 525 Ι.
511 469 541 538 7,
558 467 587 526 8.
633 463 829 546 (Miltiades.)
1063 469 1103 526 13

200 619 287 679 retur,
301 609 383 685 isque
397 608 557 668 hortaretur
566 611 686 679 milites,
700 610 886 686 proeliumque
901 608 1098 666 committeret.

202 688 285 760 Idem
307 689 358 745 ille
385 689 517 763 populus,
546 698 731 762 posteaquam
756 690 848 764 majus
876 688 1026 762 imperium
1054 691 1138 745 est4

200 777 312 835 nactus,
336 776 365 821 et
392 765 543 840 largitione
565 767 778 841 magistratuum
800 777 949 840 corruptus
970 777 1025 835 est,
1043 776 1099 822 tre-

203 854 303 900 centas
318 855 424 900 statuas
441 843 589 900 Demetrio
605 844 748 902 Phalereo
762 843 901 901 decrevit.

241 922 311 985 vllt
333 922 405 978 Post
424 921 480 978 hoc
501 923 631 997 pralium
645 923 770 978 classem
784 922 964 997 septuaginta
982 921 1100 980 navium
1121 927 1137 980 l

203 999 400 1056 Athenienses
425 999 520 1056 eidem
545 999 670 1056 Miltiadi
690 999 838 1068 dederunt,
852 1011 883 1056 ut
902 1001 1022 1070 insulas,
1036 1019 1098 1075 qua

201 1079 336 1134 barbaros
351 1077 526 1153 adjuverant,
536 1079 613 1134 bello
628 1089 856 1152 persequeretur.
898 1079 964 1143 Quo
978 1078 1098 1153 imperio

201 1157 354 1231 plerasque
366 1155 405 1212 'ad
418 1156 544 1212 officium
557 1155 651 1213 redire
666 1156 769 1230 coegit,
783 1156 934 1212 nonnullas
948 1157 977 1212 vi
991 1173 1099 1232 expug·
1170 1213 1172 1220 ,

201 1235 289 1291 navit.
332 1232 379 1290 Ex
403 1233 450 1290 his
477 1234 581 1290 Parum
606 1233 738 1302 Insulam,
753 1234 854 1309 opibus
880 1234 992 1302 elatam,
1013 1239 1137 1307 quum2

202 1313 328 1368 oratione
353 1311 544 1368 reconciliare
568 1328 626 1368 non
652 1323 760 1386 posset,
783 1313 882 1386 copias
910 1312 940 1388 [e
962 1311 1096 1387 navibus]

203 1389 309 1459 eduxit,
323 1392 422 1452 urbem
436 1389 571 1464 operibus
590 1390 693 1453 clausit
711 1389 844 1463 omnique
864 1400 1024 1446 commeatu
1044 1389 1100 1464 pri-

168 1473 170 1476 ’
203 1469 294 1537 vavit3
316 1468 421 1525 deinde
435 1469 530 1524 vineis
545 1487 578 1524 ac
592 1467 781 1526 testudinibus
797 1467 966 1536 constitutis,
979 1467 1097 1542 propius

201 1565 296 1603 muros
311 1545 446 1603 accessit.
488 1547 584 1611 Quum
601 1547 661 1636 jam
675 1547 703 1602 in
718 1565 754 1604 eo
770 1557 858 1616 esset,
868 1557 899 1602 ut
909 1545 1014 1622 oppido
1027 1546 1099 1622 poti·
1119 1549 1137 1602 3

202 1634 286 1693 retur,
297 1625 397 1700 procul
411 1625 441 1680 in
453 1623 610 1680 continenti
621 1624 713 1692 lucus,
724 1624 820 1698 quiex
831 1625 925 1681 insula
936 1625 1098 1698 conspicie-

202 1703 290 1771 batur,
304 1703 406 1759 nescio
420 1721 475 1776 quo
491 1720 571 1772 casu,
586 1713 724 1760 nocturno
742 1713 869 1777 tempore
890 1703 1028 1760 incensus
1043 1713 1097 1759 est.

204 1781 293 1857 Cujus
317 1781 430 1836 flamma
452 1791 483 1836 ut
507 1781 542 1836 ab
566 1780 717 1856 oppidanis
739 1791 768 1836 et
791 1782 1032 1856 oppugnatoribus
1054 1791 1099 1837 est

201 1859 275 1927 visa,
288 1859 415 1932 utrisque
432 1859 510 1914 venit
530 1857 560 1919 in
581 1859 754 1934 opinionem,
769 1859 882 1933 signum
903 1879 920 1915 a
940 1859 1097 1916 classiariis

201 1937 291 2012 regiis
306 1937 409 1994 datum.
451 1938 516 2005 Quo
530 1935 636 1994 factum
651 1948 704 2005 est,
719 1948 750 1992 ut
768 1947 797 1992 et
818 1936 896 1993 Parii
917 1955 933 1991 a
951 1935 1097 1992 deditione
1118 1941 1138 1993 4

201 2015 421 2083 deterrerentur,
436 2026 464 2070 et
483 2015 641 2084 Miltiades,
656 2014 771 2083 timens,
786 2013 942 2070 neclassis
956 2013 1037 2088 regia
1050 2013 1098 2070 ad-

200 2099 340 2161 ventaret,
355 2092 483 2159 incensis
502 2093 647 2166 operibus,
661 2111 722 2166 quae
738 2104 882 2161 statuerat,
898 2111 962 2148 curn
980 2091 1098 2148 totidem

201 2172 332 2240 navibus,
344 2181 427 2244 atque
439 2182 499 2226 erat
512 2171 667 2245 profectus,
680 2170 810 2227 Athenas
820 2189 923 2246 magna
935 2188 999 2225 cum
1010 2169 1099 2226 offen·

202 2250 283 2306 sione
307 2249 414 2304 civium
436 2267 551 2305 suorum
571 2249 687 2306 rediret.
729 2251 890 2306 Accusatus
912 2267 981 2324 ergo
1004 2248 1137 2322 prodi-5

201 2328 297 2396 tionis,
307 2328 391 2400 quod,
403 2346 488 2401 quum
503 2329 608 2384 Parum
622 2347 786 2402 expugnare
800 2339 909 2402 posset,
923 2347 941 2383 a
954 2345 1022 2402 rege
1038 2345 1099 2383 cor·

202 2417 298 2481 ruptus
324 2405 439 2462 infectis
462 2407 547 2462 rebus
569 2405 766 2462 discessisset.
809 2406 854 2462 Eo
871 2416 1001 2480 tempore
1023 2423 1100 2479 aeger

203 2494 264 2540 erat
277 2484 452 2552 vulneribus,
467 2497 529 2557 quae
549 2484 579 2540 in
600 2484 790 2558 oppugnando
810 2483 916 2557 oppido
937 2493 1098 2556 acceperat.

203 2563 302 2635 Itaque
323 2563 456 2634 quoniam
479 2562 543 2636 ipse
565 2580 617 2636 pro
640 2581 673 2618 se
695 2561 792 2618 dicere
813 2579 870 2617 non
891 2570 999 2635 posset,
1013 2562 1101 2616 verba

202 2639 272 2696 fecit
287 2639 372 2696 frater
383 2641 445 2715 ejus
458 2641 625 2715 Tisagdras.
658 2640 755 2696 Causa
769 2639 884 2714 cognita
898 2638 1002 2712 capitis
1017 2639 1099 2694 abso·
1120 2639 1138 2694 6

153 2717 158 2726 '
202 2718 287 2786 lutuS,
301 2719 425 2792 pecunia
444 2719 578 2774 multatus
598 2729 652 2788 est,
667 2737 757 2792 eaque
778 2718 815 2773 lis
836 2715 1039 2791 quinquaginta
1059 2726 1099 2772 ta·

202 2797 289 2852 lentis
309 2797 446 2852 aestimata
465 2807 518 2866 est,
533 2807 653 2870 quantus
676 2797 706 2852 in
729 2796 855 2851 classem
877 2806 994 2851 sumtus·
1008 2794 1100 2850 factus

204 2885 274 2930 erat.
303 2873 387 2931 Hanc
402 2874 555 2948 pecuniam
569 2874 643 2947 quod
656 2874 771 2930 solvere
786 2875 816 2928 In
829 2872 983 2946 praesentia
1043 2897 1080 2936 4oe

203 2971 261 3008 non
285 2962 403 3026 poterat,
425 2953 456 3020 in
479 2953 597 3009 vincula
624 2951 740 3024 publica
763 2950 912 3024 conjectus
937 2959 983 3004 est
1019 2947 1102 2985 *Μ’

203 3030 299 3102 ibique
313 3029 391 3086 diem
405 3031 475 3087 obiit
490 3044 662 3104 supremum.

246 3108 328 3164 VIII.
350 3108 409 3164 Hic
421 3109 476 3164 etsi
488 3107 607 3164 crirnine
619 3105 705 3163 Pario
715 3115 759 3161 est
770 3112 931 3172 aecusatus,
940 3113 1036 3159 tamen
1043 3101 1102 3170 alia
1124 3105 1137 3160 1

203 3185 255 3242 suit
274 3204 362 3242 causa
379 3185 581 3242 damnationis.
623 3184 753 3256 Namque
770 3181 967 3239 Athenienses
987 3190 1103 3256 propter

204 3261 349 3320 Pisistrati
362 3263 551 3338 tyrannidem,
562 3281 622 3335 quae
636 3262 738 3336 paucis
749 3261 833 3318 annis
846 3269 911 3316 ante
926 3259 1027 3329 luerat,
1043 3277 1104 3315 om·

202 3341 512 3398 niumsuorumciuium
520 3341 676 3415 potentiam
684 3339 920 3395 extimescebam.
942 3337 1101 3407 Miltiades,
1121 3341 1140 3394 2

201 3419 323 3485 multum,
334 3419 365 3475 in
379 3417 508 3492 imperiis
522 3417 789 3491 magistratibusque
800 3415 941 3485 versatus,
954 3435 1012 3474 non
1022 3416 1102 3472 vide·

201 3497 283 3552 batur
296 3514 384 3569 posse
397 3514 464 3562 esse
480 3493 617 3569 privatus,
628 3495 785 3568 praesertim
798 3512 884 3567 quum
895 3494 1106 3550 consuetudine·

203 3575 239 3630 ad
253 3573 374 3646 imperii
396 3572 581 3646 cupiditatem
599 3572 674 3628 trahi
688 3571 841 3628 videretur.
883 3572 912 3627 N
914 3591 959 3628 arn
977 3571 1101 3628 Cherso-
1123 3573 1140 3625 3

195 3651 267 3708 'nesi
288 3669 388 3708 omnes
409 3650 485 3738 illos,
500 3668 570 3723 quos
593 3649 742 3717 habitarat,
756 3666 846 3705 annos
868 3660 1036 3722 perpetuam
1054 3650 1102 3703 ob-

201 3739 326 3784 tinuerat
347 3727 579 3795 dominationem,
601 3735 793 3800 tyrannusque
818 3725 910 3781 fuerat
932 3724 1102 3798 appellatus,

114 3827 116 3830 ’
202 3806 256 3862 sed
272 3807 379 3880 justus.
421 3805 489 3862 Nou
503 3814 564 3861 erat
583 3804 660 3860 euim
674 3803 702 3859 vi
711 3814 902 3870 consecutus,
916 3801 969 3858 sed
988 3819 1103 3858 suorum

618 3903 623 3907 ’
678 3886 697 3936 a
