2646 4462
257 394 300 452 42
553 387 593 449 x.
634 395 660 462 1,
678 398 706 450 a.
743 389 865 466 (111.)

218 536 232 591 l
294 535 318 592 I.
341 534 426 602 Dion,
439 533 592 608 Hipparini
612 533 697 602 filius,
714 534 922 608 Syracusanus,
936 533 1025 590 nobili
1046 553 1156 610 genere

253 623 346 680 natus,
357 623 473 685 utraque
484 611 646 686 implicatus
657 611 807 685 tyrannide
820 610 1033 686 Dionysiorum.
1065 613 1094 669 N
1096 632 1156 670 am·

254 711 309 765 qne
324 691 373 746 ille
388 689 517 764 superior
532 689 760 758 Aristomachen,
775 708 902 746 sororem
923 691 1036 760 Dionis,
1055 689 1156 748 habuit

255 769 285 825 in
307 769 494 837 matrimonio,
510 786 546 824 ax
559 787 615 842 qna
639 767 710 824 duos
731 768 816 835 filios,
838 767 1028 843 Hipparinum
1043 780 1071 824 et
1091 769 1155 844 Ny·

255 865 352 916 saeum,
362 847 531 922 procreavit,
539 844 712 921 totidemque
727 845 811 914 filias,
820 843 935 902 nomine
946 845 1155 922 Sophrosynen

255 936 284 981 et
308 925 432 982 Areten:
454 943 571 998 quarum
593 925 715 999 priorem
730 924 873 998 Dionysio
896 923 965 993 filio,
977 924 1080 994 eidem,
1105 925 1154 981 cni

256 1022 373 1079 regnum
395 1002 518 1078 reliquit,
533 1013 648 1078 nuptum
673 1002 760 1070 dedit,
775 1001 901 1070 alteram,
916 1001 1032 1070 Areten,
1054 1002 1152 1062 Dioni.

215 1086 233 1138 2
256 1081 333 1138 Dion
348 1093 442 1138 autem
455 1091 557 1156 praeter
576 1081 701 1137 nobilem
719 1079 957 1154 propinquitatem
971 1099 1154 1155 generosam·

254 1180 309 1249 que
323 1162 460 1249 majorum
484 1159 586 1215 samam
600 1158 687 1214 multa
708 1157 765 1214 alia
778 1159 813 1213 ab
833 1168 932 1214 natura
952 1156 1051 1215 habuit
1069 1161 1153 1228 bona,

255 1239 284 1295 in
255 1238 367 1296 rhis
360 1256 506 1314 ingenium
520 1237 625 1304 docile,
640 1254 731 1304 come,
754 1246 848 1311 aptum
863 1236 899 1292 ad
921 1247 996 1292 artes
1006 1237 1152 1316 optimas;

254 1336 387 1392 magnam
402 1316 528 1389 corporis
544 1314 720 1389 dignitatem,
744 1333 805 1388 quae
829 1333 888 1370 non
902 1314 1049 1372 minimum
1076 1334 1153 1372 com-

254 1395 421 1462 mendatur;
443 1407 560 1468 magnas
582 1403 651 1469 praet
653 1411 720 1460 1111
744 1391 859 1449 divitias
884 1412 901 1449 a
924 1403 1004 1468 patre
1026 1393 1153 1482 relictas,

216 1477 234 1529 3
255 1492 326 1546 quas
350 1473 413 1547 ipse
438 1471 551 1560 tyranni
577 1471 742 1527 muneribus
767 1482 893 1530 auxerat
946 1471 1045 1527 Erat
1038 1473 1152 1530 intimus

256 1551 398 1624 Dionysio
410 1550 506 1624 priori,
520 1568 614 1622 neque
629 1549 722 1606 minus
743 1561 858 1624 propter
872 1555 976 1618 modes,
991 1569 1075 1623 quam
1095 1551 1153 1607 affi-

255 1629 382 1684 nitatem.
423 1629 554 1701 Namque
576 1627 782 1703 etsiDionysii
797 1627 952 1684 cmdelitas
968 1629 996 1684 ei
1016 1629 1153 1704 displice·

255 1707 312 1776 bat,
326 1716 421 1762 tamen
435 1706 545 1762 salvum
562 1716 677 1780 propter
692 1705 946 1775 necessitudinem,
960 1707 1052 1782 magis
1067 1707 1154 1764 etiam

256 1798 370 1841 suorum
385 1803 481 1853 causa,
496 1785 635 1840 studebat.
676 1784 784 1841 Aderat
803 1785 833 1841 in
847 1785 959 1858 magnis
979 1787 1062 1848 rebus
1078 1786 1153 1862 eJ'us·

254 1883 310 1938 qua
325 1863 447 1922 consilio
460 1863 577 1920 multum
591 1864 758 1919 movebatur
770 1873 916 1937 tyrannus,
929 1863 987 1919 nisi
1001 1882 1056 1936 qua
1076 1865 1106 1919 in
1120 1882 1150 1920 11

216 1945 235 1998 4
256 1943 344 2018 major
365 1941 456 2018 ipsius
474 1941 614 2016 cupiditas
639 1935 852 1998 intercesserat.
895 1941 1070 2016 Legationes
1084 1959 1153 1998 vero

258 2021 394 2098 [omnes]‚
409 2039 470 2095 quae
492 2030 591 2077 essent
613 2019 793 2092 illustriores,
803 2019 858 2093 'per
880 2018 1004 2075 Dionem
1018 2019 1153 2075 adminis-

254 2101 415 2168 trahantur,
437 2117 507 2172 quas
514 2098 631 2172 quidem
644 2098 700 2154 1111
709 2097 863 2173 diligenter
876 2097 1016 2166 obeundo,
1030 2097 1154 2157 fideliter

256 2177 487 2264 administrando,
502 2175 732 2232 crudelissimum
745 2194 849 2232 nomen
862 2176 975 2250 tyranni
990 2195 1041 2232 sua
1055 2175 1153 2245 huma·

216 2259 235 2308 5
255 2254 342 2312 nitate
357 2255 479 2328 tegebat.
512 2254 598 2310 Hunc
612 2273 631 2309 a
633 2249 787 2342 Dionysio
800 2254 920 2310 missum
934 2253 1152 2329 Carthaginien·

256 2350 305 2388 ses
331 2341 530 2420 suspexerunt,
555 2341 585 2386 ut
607 2331 752 2387 neminem
773 2350 905 2405 umquam
930 2332 1033 2390 Graeca
1054 2330 1152 2408 lingua

255 2410 419 2484 loquentem
431 2410 523 2484 magis
538 2409 596 2466 sint
609 2409 748 2466 admirati

219 2493 232 2545 l
295 2489 335 2546 Il.
377 2488 479 2561 Neque
494 2504 563 2544 vero
588 2487 649 2544 haec
675 2488 848 2564 Dionysium
868 2488 1024 2564 fugiebant.
1065 2471 1150 2558 Nam,

254 2577 358 2655 quanto
373 2576 452 2623 esset
472 2565 527 2623 sibi
548 2577 722 2635 ornamento,
737 2567 887 2624 sentiebat
929 2568 994 2632 Quo
1015 2569 1108 2636 fiebat,
1122 2578 1152 2623 ut

256 2663 306 2702 111
298 2645 387 2702 'huic
402 2645 524 2701 maxime
539 2643 708 2720 indulgeret,
722 2664 816 2718 neque
832 2664 897 2702 eum
911 2665 997 2702 secus
1018 2646 1151 2720 diligeret

216 2728 234 2778 2
257 2743 291 2780 ao
305 2723 412 2780 filium:
434 2723 482 2796 qui
501 2723 625 2796 quidem,
638 2715 732 2798 quum,
755 2725 905 2780 Platonem
924 2724 1081 2796 Tarentum
1103 2742 1151 2779 ve·

255 2802 346 2871 nisse,
360 2801 434 2857 lama
448 2801 477 2857 in
493 2801 624 2858 Siciliam
638 2814 718 2858 esset
728 2802 845 2877 perlata,
856 2800 1033 2858 adolescenti
1043 2819 1150 2877 negare

254 2897 312 2936 non
327 2880 457 2955 potuerit,
470 2881 538 2954 quin
560 2899 625 2936 eum
639 2890 800 2937 arcesseret
802 2899 907 2954 ,quum
929 2879 1045 2936 Dion
1020 2898 1082 2956 eJus
1104 2899 1151 2936 au·

256 2959 354 3016 diendi
377 2958 531 3035 cupiditate
559 2960 700 3034 flagraret
742 2924 830 3016 Dedit
853 2977 922 3034 ergo
945 2957 1013 3015 huic
1038 2957 1151 3015 veniam

254 3057 412 3125 magnaque
435 3057 500 3094 1111
518 3037 670 3094 ambitione
694 3035 853 3111 Syracusas
875 3037 1014 3110 perduxit.
1057 3037 1151 3125 Quem

217 3118 234 3170 3
257 3115 335 3173 Dion
350 3116 421 3172 adeo
436 3115 588 3172 admiratus
603 3126 648 3171 est
662 3125 781 3188 atqua
760 3114 910 3192 adamavit,
924 3124 955 3168 ut
974 3133 1006 3168 se
1021 3123 1109 3170 totum
1123 3114 1151 3170 ei

288 3224 325 3262 355
373 3191 505 3248 traderet.
535 3190 637 3265 Neque
652 3210 720 3246 vero
734 3186 827 3246 111111
842 3190 925 3246 Plato
938 3190 1097 3254 delectatus
1107 3203 1152 3247 eat

261 3271 334 3310 &⁰
331 3283 352 3309 ¹¹·
375 3268 479 3325 Dione
520 3269 620 3340 Itaque
633 3285 755 3342 quuma
770 3265 911 3340 Dionysio
928 3266 1076 3356 [tyranno]
1089 3287 1151 3325 cru·

256 3344 493 3400 deliter.violatus
508 3355 596 3412 esset,
609 3345 714 3418 quippe
731 3361 815 3418 quem
828 3343 1014 3412 venumdari'
1003 3345 1149 3420 Jussisset,

255 3431 350 3479 tamen
365 3422 466 3477 eodem
480 3422 573 3493 rediit,
589 3422 718 3497 ejusdem
733 3421 836 3479 Dionis
852 3407 986 3495 precibus
1002 3423 1149 3481 adductus

216 3501 235 3554 4
256 3498 394 3555 Interim
387 3517 417 3554 11
431 3488 558 3556 morbum
571 3500 672 3556 incidit
687 3500 855 3576 Dionysius.
897 3500 962 3566 Quo
971 3520 1056 3574 quum
1070 3503 1149 3577 gravi

257 3576 474 3646 conflictaretur,
488 3579 619 3650 quaesivit
639 3598 656 3633 a
672 3579 794 3634 medicis
816 3578 891 3635 Dion
896 3580 1150 3670 ,quemadmodum

256 3674 289 3712 se
300 3653 437 3712 haberet?
461 3655 600 3729 simulque
616 3658 650 3713 ab
664 3656 710 3714 his
725 3657 816 3731 petiit,
831 3676 856 3713 11
849 3655 942 3714 'sorte
956 3659 1056 3735 maJori
1072 3669 1150 3716 esset

255 3733 392 3810 periculo,
408 3744 438 3802 ut
451 3733 506 3791 sibi
524 3733 693 3792 faterentur:
716 3755 782 3792 nam
795 3736 871 3793 velle
886 3755 919 3794 11
934 3756 999 3794 cum
1014 3755 1050 3794 eo
1064 3737 1149 3794 collo·
