2646 4462
469 382 510 446 X.
556 391 586 458 3,
601 390 632 446 4.
675 386 798 464 (Dion.)
1043 390 1084 448 43

181 531 231 606 qui
245 530 281 587 de
295 529 447 604 partiendo
461 548 567 604 regno;
588 530 663 604 quod
684 532 790 588 sororis
811 550 870 588 sure
891 531 966 588 filios
981 529 1083 588 exilio

179 622 264 666 natos
279 619 389 683 partem
408 608 490 682 regni
510 609 625 681 putabat
645 609 750 665 debere
771 608 888 666 habere.
930 609 965 666 Id
978 609 1083 666 medici
1104 614 1123 667 5

180 705 241 744 non
254 697 413 754 tacuerunt,
426 697 455 742 et
468 685 504 741 ad
519 686 690 761 Dionysium
705 687 794 744 filium
808 706 970 746 sermonem
980 688 1084 743 retule-

183 776 257 822 runt.
298 766 364 830 Quo
379 765 429 820 ille
445 775 610 832 commotus,
624 783 662 821 ne
678 765 781 840 agendi
796 778 876 822 esset
887 765 975 823 Dioni
989 777 1084 840 potes·

182 854 238 912 tas,
261 844 334 918 patri
360 861 493 917 soporem
519 841 648 899 medicos
676 843 744 899 dare
769 844 871 919 cobgit.
914 843 980 902 Hoc
1007 861 1085 918 aeger

183 932 285 990 sumto,
300 931 331 977 ut
344 938 445 977 somno
460 920 579 996 sopitus,
594 920 671 979 diem
685 921 755 976 obiit
769 939 940 997 supremum.

223 1000 281 1057 111.
311 999 386 1066 Tale
401 999 513 1054 initium
527 997 579 1054 1111
601 997 705 1055 Dionis
723 1008 752 1054 et
773 999 908 1074 Dionysii
922 999 1083 1069 simultatis,
1106 1003 1120 1058 1

183 1097 275 1152 eaque
289 1078 386 1134 multis
407 1079 491 1134 rebus
513 1087 596 1133 aucta
617 1087 671 1132 est.
714 1077 773 1132 Sed
792 1088 887 1134 tamen
901 1077 999 1152 primis
1013 1087 1084 1134 tem·

183 1157 300 1232 poribus
316 1155 489 1229 aliquamdiu
509 1155 642 1211 simulata
661 1155 736 1211 inter
756 1174 807 1213 eos
829 1155 955 1212 amicitia
968 1156 1081 1212 mansit.

185 1236 336 1308 Quumque
353 1235 429 1291 Dion
443 1252 501 1290 non
522 1233 676 1290 desisteret
689 1234 842 1289 obsecrare
858 1233 1040 1307 Dionysium,
1054 1245 1084 1289 ut

185 1313 335 1370 Platonem
349 1310 473 1370 Athenis
488 1323 660 1380 arcesseret,
675 1323 704 1368 et
718 1312 780 1387 ejus
789 1311 926 1367 consiliis
940 1321 1082 1380 uteretur;

184 1393 245 1460 ille,
259 1391 307 1465 qui
327 1392 357 1447 11
379 1390 474 1464 aliqua
494 1408 525 1446 re
540 1389 627 1445 vellet
647 1400 756 1464 patrem
776 1389 888 1458 imitari,
903 1407 1012 1446 morem
1028 1389 1081 1467 [ei]

184 1471 285 1546 gessit.
317 1468 486 1542 Eodemque
498 1479 624 1544 tempore
636 1468 797 1537 Philistum,
808 1467 985 1536 historicum,
997 1469 1083 1543 Syra·
1102 1473 1121 1524 2

185 1568 270 1604 cusas
292 1548 414 1616 reduxit,
439 1546 584 1603 hominem
609 1547 731 1602 amicum
754 1565 811 1604 non
837 1548 929 1622 magis
953 1557 1083 1621 tyranno,

183 1646 268 1702 quam
281 1625 436 1702 tyrannidi.
479 1625 539 1681 Sed
559 1625 595 1681 de
617 1623 672 1682 hoc
695 1626 725 1682 11
746 1643 782 1681 eo
816 1625 893 1701 meo]
915 1626 987 1684 libro
1002 1626 1083 1700 plura

184 1717 251 1761 sunt
264 1705 404 1780 exposita,
412 1703 461 1778 qui
475 1703 510 1760 de
525 1702 670 1760 historicis
688 1626 825 1781 [Graecisfi
837 1705 1016 1779 conscriptus
1029 1714 1083 1760 est.

186 1784 268 1840 Plato
288 1795 382 1840 autem
395 1789 503 1840 tantum
524 1782 597 1856 apud
614 1781 786 1856 Dionysium
803 1782 968 1842 auctoritate
983 1783 1081 1856 potuit,
1103 1785 1121 1838 3

184 1863 331 1936 valuitque
351 1860 523 1934 eloquentia,
537 1872 568 1917 ut
581 1861 610 1916 ei
623 1861 799 1936 persuaserit
812 1860 971 1935 tyrannidis
986 1859 1082 1916 facere

184 1941 281 2009 finem,
296 1941 510 2012 libertatemque
526 1938 646 1995 reddere
659 1939 868 2013 Syracusanis:
886 1957 903 1994 a
917 1957 972 2011 qua
985 1939 1083 1994 voluu-

184 2030 241 2076 tate
258 2019 374 2077 Philisti
389 2018 511 2075 consilio
532 2017 683 2074 deterritus
701 2016 843 2090 aliquanto
859 2016 1001 2072 crudelior
1015 2033 1082 2074 esse

186 2117 229 2154 coe
251 2109 282 2154 11.
590 2121 593 2124 ·

225 2117 282 2234 lpVi
309 2177 368 2241 Qui
388 2175 503 2263 quidem
524 2193 608 2249 quum
623 2194 639 2231 a
654 2175 748 2231 Dione
770 2193 803 2231 se
826 2171 954 2250 superari
973 2172 1083 2233 videret
1106 2176 1119 2228 l

185 2252 311 2329 ingenio,
326 2254 502 2323 auctoritate,
517 2272 612 2310 amore
628 2253 735 2328 populi,
748 2272 862 2322 verens,
876 2271 924 2322 ne,
938 2252 964 2308 si
1012 2276 1050 2316 ³53

186 2352 252 2389 eum
278 2352 378 2390 secum
404 2331 531 2400 haberet,
560 2333 683 2420 aliquam
707 2332 896 2388 occasionem
919 2331 964 2388 sui
989 2328 1046 2366 ⁸⁰
1059 2336 1081 2366 ¹³·

185 2411 266 2467 daret
289 2410 476 2486 opprimendi,
498 2429 601 2466 navem
626 2411 654 2467 ei
677 2410 822 2466 triremem
842 2410 929 2479 dedit,
950 2414 1006 2484 qua
1027 2409 1083 2466 Co·

185 2489 309 2546 rinthum
323 2488 529 2546 deveheretur:
553 2488 720 2557 ostendens,
735 2507 768 2544 se
784 2488 813 2544 id
828 2489 971 2561 utriusque
986 2487 1081 2544 facere

185 2587 283 2636 causa,
293 2586 340 2636 ne,
352 2585 437 2640 quum
451 2567 526 2623 inter
539 2586 571 2623 se
586 2567 726 2636 timerent,
738 2568 873 2630 alteruter
883 2567 1002 2622 alterum
1012 2580 1082 2639 prae·

184 2657 348 2720 occuparet.
389 2645 423 2702 Id
437 2664 522 2718 quum
542 2645 647 2701 sactum
667 2641 991 2718 multiindignarentur,
1004 2661 1082 2718 mag·
1101 2647 1120 2699 2

184 2743 284 2796 naeque
307 2734 386 2780 esset
409 2723 524 2780 invidiae
548 2734 687 2798 tyranno;
710 2722 869 2797 Dionysius
897 2722 1082 2795 omniaque

185 2802 293 2858 moveri
315 2812 445 2876 poterant
466 2800 579 2870 Dionis,
593 2802 624 2858 in
644 2800 726 2857 navis
747 2800 940 2875 imposuit,ad
961 2819 1081 2874 eumque

184 2880 272 2938 misit.
315 2881 365 2936 Sic
391 2881 468 2936 enim
492 2880 649 2936 existimari
673 2879 804 2946 volebat3
826 2877 855 2934 id
877 2897 909 2934 se
934 2897 992 2934 non
1016 2878 1082 2934 odio

185 2957 319 3026 hominis,
340 2957 393 3014 sed
415 2976 473 3014 suae
495 2959 595 3028 salutis
617 2957 725 3014 fecisse
747 2975 844 3011 causa
886 2956 992 3013 Postea
1012 2974 1081 3011 vero
1103 2957 1120 3011 3

184 3055 269 3112 quam
290 3035 405 3104 audivit,
425 3055 490 3092 eum
510 3036 540 3092 in
561 3022 764 3123 Peloponneso
784 3051 897 3090 manum
918 3050 1082 3107 comparare

185 3115 296 3187 sibique
312 3079 419 3174 bellurh
440 3114 537 3170 lacere
558 3113 674 3170 conari:
698 3113 816 3200 Areten,
832 3110 936 3168 Dionis
955 3128 1082 3197 uxorem,

186 3192 718 3280 1111111111(111111111111111111
740 3191 783 3246 sic
806 3189 949 3246 educari
938 3187 1034 3265 yussit,
1053 3199 1083 3244 ut

185 3271 359 3359 indulgendo
373 3271 546 3345 turpissimis
568 3271 740 3327 imbueretur
754 3267 965 3343 cupiditatibus
1007 3267 1083 3324 Nam
1103 3271 1122 3324 4

184 3367 283 3436 phere,
306 3349 471 3424 priusquam
497 3348 588 3421 pubes
613 3358 712 3416 esset,
729 3357 824 3403 scorta
852 3346 1083 3424 adducebantur;

184 3427 251 3484 vino
273 3429 422 3503 epulisque
444 3427 622 3495 obruebatur,
636 3444 729 3512 neque
750 3425 839 3481 ullum
858 3434 970 3500 tempus
988 3427 1083 3482 sobrio

184 3507 404 3590 relinquebatur.
446 3505 476 3561 ls
497 3523 588 3577 usque
611 3522 647 3559 eo
670 3504 733 3560 vitae
758 3514 860 3560 statum
884 3515 1083 3562 commutatum
1103 3507 1121 3558 5

184 3583 259 3641 serre
273 3600 331 3640 non
345 3583 443 3672 potuit,
457 3593 605 3656 postquam
619 3581 649 3639 in
662 3581 781 3669 patriam
795 3581 880 3638 rediit
898 3593 978 3670 pater
993 3585 1082 3668 (nam-

158 3688 160 3692 ’
183 3681 240 3738 quc
264 3662 389 3740 appositi
411 3671 491 3743 eraut
513 3661 658 3730 custodes,
671 3659 720 3734 qui
743 3679 809 3717 eum
829 3679 846 3716 a
865 3660 985 3735 pristino
1005 3659 1083 3742 victu
