2646 4462
459 453 515 519 Vl.
551 463 579 518 1.
624 457 822 540 (Lysander.)
885 545 889 555 Ι
1056 467 1098 530 27

191 619 265 677 pace
280 601 329 660 diu
351 601 596 663 desideraverunt.
637 605 705 662 Fuit
724 605 802 662 enim
815 615 893 664 tanta
911 605 1092 680 liberalitate,
1115 649 1118 657 ·

191 699 277 754 quum
301 682 495 756 compluribus
518 682 591 739 locis
611 683 717 758 pradia
739 683 892 758 hortosque
913 683 1040 757 haberet,
1061 698 1092 746 ut

191 775 343 832 numquam
357 761 386 817 in
409 761 453 816 eis
475 761 623 818 custodem
644 762 812 837 imposuerit
827 762 934 822 fructus
956 767 1092 825 servandi

192 839 343 914 gratiane
358 839 421 913 quis
443 840 636 913 impediretur,
652 858 708 914 quo
728 841 822 898 miuus
837 843 900 917 ejus
922 844 1016 913 rebus,
1030 846 1091 922 qui·

190 915 243 974 bus
264 917 383 991 quisque
399 919 495 986 vellet,
516 911 692 976 frueretur.el
708 919 830 994 Semper
852 937 917 978 eum
939 923 1090 998 pedisequi
1109 927 1128 982 2
1146 939 1170 972 s·

191 1013 256 1051 cum
269 997 392 1054 urunmis
407 1007 472 1053 sunt
488 998 590 1067 secuti,
605 1007 648 1067 ut,.
659 997 684 1054 si
698 998 762 1071 quis
778 997 843 1074 opis
862 1000 924 1075 ejus
939 999 1088 1076 indigeret,

190 1073 317 1142 haberet,
323 1075 397 1148 quod
407 1076 500 1132 statim
512 1075 644 1146 daretne
654 1075 962 1136 differendovideretur
972 1098 1088 1154 negare.

191 1153 287 1234 §apa
310 1171 397 1226 quum
420 1154 545 1230 aliquem
569 1155 711 1212 offensum
734 1155 845 1212 fortuna
866 1155 977 1214 videret
995 1158 1089 1216 minue

188 1232 262 1291 bene
274 1232 416 1302 vestitum,
428 1252 510 1290 suum
525 1233 678 1290 amiculum
691 1234 779 1291 dedit.
802 1233 938 1299 Quotidie
953 1234 1090 1294 siccome
1110 1239 1127 1294 3

189 1309 218 1366 ei
234 1311 415 1384 coquebatur,
426 1323 466 1380 ut,
478 1330 548 1388 quos
564 1310 711 1369 invocatos
725 1312 849 1369 vidisset
862 1311 892 1368 in
906 1313 976 1381 foro,
987 1331 1088 1372 omnes
1113 1368 1117 1376 ,

188 1387 358 1448 devocaret:
394 1390 470 1463 quod
493 1389 590 1447 fecere
612 1391 721 1447 nullum
745 1391 823 1447 diem
849 1391 1087 1465 praetermittebat.

155 1453 163 1532 l
188 1465 270 1523 Nulli
284 1467 356 1524 fides
372 1467 445 1544 ejus,
459 1469 532 1526 nulli
552 1487 649 1544 opera,
663 1469 734 1526 nulli
754 1487 801 1525 res
817 1468 964 1526 familiaris
980 1469 1086 1542 deluit3

186 1547 290 1602 multos
310 1547 515 1622 locupletavit;
537 1547 699 1622 complures
719 1565 862 1624 pauperes
881 1557 1016 1616 mortuos,
1030 1549 1087 1622 qui,

186 1625 262 1680 unde
288 1625 464 1696 efferrentur,
487 1644 545 1684 nou
572 1625 766 1702 reliquissent,
787 1643 840 1684 suo
862 1637 955 1686 sumtu
977 1627 1086 1684 extudit.

188 1703 239 1761 Sic
251 1723 284 1760 se
299 1704 425 1778 gerendo
438 1705 556 1762 minime
572 1716 617 1762 est
630 1703 798 1774 mirandum,
809 1703 837 1762 si
851 1715 880 1762 et
892 1704 951 1780 vita
962 1705 1024 1782 ejus
1035 1703 1088 1763 fuit
1106 1709 1126 1764 4

186 1799 300 1853 secura,
316 1793 345 1840 et
358 1799 435 1841 mors
448 1784 580 1844 acerba-l
601 1783 611 1835 l

367 2207 457 2284 vl.
508 2209 900 2286 LYSANDER.

556 2412 724 2422 ——----

475 2535 787 2596 ARGUMENTUM,

188 2669 284 2728 OAP.
295 2667 321 2726 I.
332 2669 505 2725 Athenarum
513 2669 599 2724 vator·
605 2689 614 2734 ;
629 2668 796 2724 decernvr'roe
804 2665 917 2724 Gracia
926 2667 1085 2728 caraulas

224 2751 346 2825 imponit.
380 2746 424 2803 ΙΙ.
450 2745 580 2801 Cmdelis
593 2748 623 2802 r'n
638 2745 767 2802 Thasios.
804 2743 865 2802 ΙΙΙ.
888 2743 982 2878 Refice
993 2747 1084 2804 tallere
1117 2761 1121 2768 “

224 2836 251 2882 et
265 2825 404 2884 arantium
417 2843 585 2900 corrumpere
599 2835 731 2890 conatar;
753 2833 900 2880 cocosates
913 2843 931 2880 a
948 2825 1084 2882 solvitur:

224 2905 356 2961 occiditur
364 2925 381 2960 a
393 2901 541 2959 Thebanis.
570 2902 626 2959 IV.
641 2901 785 2977 Lysander
792 2899 976 2956 Pharnabazi
977 2899 1084 2976 fraude

223 3001 254 3040 se
266 2985 325 3060 ipse
338 2993 459 3040 accusat.
977 3014 979 3026 ι

223 3111 249 3168 I.
281 3110 441 3187 Lysander,
467 3108 714 3179 Lacedoemonius,
739 3125 873 3184 magnam
900 3105 1014 3180 reliquit
1037 3105 1082 3163 sui
1104 3109 1119 3164 l

182 3189 296 3258 famam,
317 3189 410 3265 magis
434 3188 583 3258 felicitate,
605 3203 689 3264 quam
709 3188 812 3245 virtute
834 3196 952 3263 partam.
994 3183 1083 3244 Athe-

181 3266 303 3324 nienses
318 3269 396 3328 enim
410 3267 440 3325 in
462 3267 691 3342 Peloponnesias
712 3277 794 3323 sexto
808 3277 838 3322 et
849 3265 989 3322 vicesimo
1006 3283 1081 3323 anno

182 3346 290 3402 bellum
317 3357 453 3421 gerentes
474 3345 639 3403 confecisse
659 3355 785 3420 apparet.
836 3343 871 3401 ld
894 3363 949 3418 qua
972 3345 1082 3402 ratione

182 3435 357 3481 consecutus
373 3424 419 3494 sit,
433 3425 513 3481 latet.
555 3424 623 3480 Non
642 3423 720 3479 enim
740 3423 840 3479 virtute
862 3421 908 3478 sui
928 3423 1081 3492 exercitus,
1101 3427 1121 3482 2

182 3502 236 3559 sed
264 3503 446 3560 immodestia
470 3502 644 3558 factumest
667 3500 900 3570 adversariorum,
929 3499 986 3574 qui,
1008 3501 1084 3575 quod

181 3579 261 3637 dicto
277 3580 427 3638 audientes
448 3579 665 3656 imperatoribus
687 3579 747 3636 suis
768 3596 826 3635 non
847 3583 935 3650 erant,
950 3578 1090 3654 dispalati.

181 3658 213 3714 iu
229 3659 315 3734 agris,
330 3659 440 3716 relictis
461 3658 593 3726 natibus,
613 3658 644 3714 in
663 3657 788 3714 hostium
801 3668 942 3714 venerunt
959 3666 1083 3732 potesta·

180 3747 253 3794 tem.
293 3737 360 3802 Quo
373 3736 449 3794 lacto
464 3737 660 3793 Athenienses
674 3755 707 3793 se
723 3734 950 3793 Lacedaemoniis
964 3732 1082 3788 dedide-

180 3825 257 3872 ruat.
288 3815 354 3872 Hac
365 3814 486 3872 victoria
500 3815 651 3890 Lysander
665 3815 767 3882 elatus,
778 3831 863 3886 quum
873 3819 957 3868 antea
968 3827 1083 3886 semper
1103 3813 1120 3874 3
1130 3817 1134 3830 ’
1145 3823 1150 3835 ’
