2646 4462
250 457 292 515 ar
503 449 541 511 u.
578 457 607 525 a,
624 456 653 525 a,
669 455 700 514 4.
748 449 929 528 (orm).

217 602 232 656 l
294 597 343 656 II.·
364 595 529 656 Talimodo
546 596 677 652 custodia
692 593 828 652 liberatus
844 594 948 651 Cimon
964 591 1100 652 celeriter
1118 593 1152 655 td

254 674 444 756 principatum
462 675 602 750 pervenit.
643 674 776 731 Habebat
795 673 872 730 enim
888 672 958 730 satis
974 672 1154 746 eloquentiae,

196 785 199 792 ·
255 769 394 812 stammam
416 750 625 823 liberalitatem,
646 771 780 828 magnam
801 751 979 826 prudentiam
1000 761 1060 808 tum
1080 751 1152 826 juris

255 831 440 901 civiliacum
463 831 507 887 rei
527 831 669 900 militaris,
694 829 768 904 quod
790 849 855 900 cum
875 839 955 906 patre
974 848 991 885 a
1013 847 1101 904 puero
1123 827 1154 886 in

211 943 233 982 5.
255 910 430 966 exercitibus
456 909 863 982 fueratversatus.l'1taqne
888 907 936 964 hic
962 917 991 964 et
1017 907 1154 982 populum

255 989 392 1045 urbanum
418 988 447 1046 in
471 1007 524 1045 sua
547 989 638 1046 tenuit
660 997 811 1063 potestate,
840 998 869 1044 et
893 985 968 1061 apud
995 984 1154 1041 exercitum

215 1070 234 1124 2
255 1067 407 1142 plurimum
425 1067 514 1122 valuit
533 1067 710 1124 auctoritate.
761 1066 886 1122 Primum
906 1065 1059 1139 imperator
1079 1063 1154 1138 apud

254 1144 362 1202 flumen
396 1145 549 1220 Strymdna
581 1161 700 1219 magnas
734 1143 834 1218 copias
863 1141 1009 1198 Thracum
1036 1141 1153 1217 fugavit,

255 1223 391 1299 oppidum
415 1222 610 1297 Amphipolim
643 1221 798 1290 constituit,
823 1239 914 1294 eoque
942 1220 1046 1277 dacem
1073 1220 1178 1276 milia¹

224 1300 477 1371 toAtheniensium
494 1300 524 1356 in
548 1300 690 1357 coloniam
703 1299 790 1356 misit.
802 1330 810 1354 ·.
842 1299 923 1356 Idem
951 1299 1054 1356 iterum
1078 1298 1153 1372 apud

185 1377 189 1384 ⁴
256 1377 394 1455 Mycrilen
416 1378 586 1453 Cypriorum
600 1388 629 1434 et
650 1377 819 1436 Phoenicum
838 1377 1023 1436 ducentarum
1038 1377 1153 1434 navium

217 1460 235 1514 3
257 1457 383 1513 classem
403 1455 547 1513 devictam
566 1455 660 1531 cepit,
682 1455 901 1530 eodemquedie
922 1456 985 1530 pari
998 1455 1110 1512 fortuna
1123 1453 1153 1510 in

277 1559 315 1598 «ῃ
374 1543 449 1590 terra
458 1551 528 1590 usus
544 1544 598 1592 est.
633 1534 764 1607 Namque
778 1533 903 1590 hostium
916 1534 1036 1590 navibus
1051 1533 1152 1609 captis,

254 1616 275 1647 ⁸·
283 1607 307 1646 ⁰·
316 1618 337 1646 ¹¹·
375 1611 470 1666 statim
484 1630 521 1670 cx
536 1611 632 1668 classe
647 1611 746 1686 copias
767 1631 835 1668 suas
850 1611 958 1679 eduxit,
972 1613 1153 1668 barbarorum

180 1691 245 1745 Μ’
258 1687 339 1765 [que]
368 1706 424 1744 uno
444 1707 586 1748 concursu
612 1689 764 1746 maximam
790 1688 848 1745 vim
871 1689 1154 1763 prostravit.s„Qua

256 1766 376 1824 victoria
401 1785 505 1842 magna
526 1767 622 1842 praeda
647 1768 754 1841 potitus
778 1785 863 1840 quum
884 1766 1003 1823 domurn
1027 1778 1154 1825 reverte·
1238 1824 1243 1835 ,

256 1853 341 1913 retur,
362 1844 439 1918 quod
463 1845 522 1921 jam
545 1846 689 1928 nonnullae
709 1845 811 1904 insulae
834 1854 948 1922 propter
968 1831 1153 1902 acerbitatem

257 1921 370 1999 imperii
384 1923 559 1993 defecerant,
572 1925 647 1982 bene
662 1923 801 1982 animatas
816 1922 1001 1992 confirmavit,
1012 1923 1153 1984 alienatas

217 2005 236 2058 5
257 2000 294 2058 ad
307 2000 433 2059 officium
455 2003 548 2060 redire
570 2003 673 2079 ootgit.
716 2004 848 2079 Scyrum,
868 2018 950 2077 quam
971 2020 1006 2059 ao
1024 1999 1153 2078 tempore

218 2119 231 2134 a
241 2079 386 2156 ,Dolopes
410 2080 583 2151 incolebant,
607 2081 682 2156 quod
706 2081 902 2140 contumacius
930 2100 963 2137 se
992 2091 1151 2155 gesserant,

220 2153 224 2160 ’
256 2157 427 2227 vacuefecit,
441 2169 573 2217 sessores
588 2171 701 2216 veteres
715 2161 785 2216 urbe
796 2159 947 2232 insulaque
961 2157 1057 2233 ejecit,
1068 2177 1153 2233 agros

257 2235 367 2292 civibus
390 2235 496 2292 divisit.
536 2237 664 2293 Thasios
684 2237 830 2311 opulentia
848 2236 936 2292 fretos
958 2253 1010 2292 suo
1031 2235 1154 2292 adventu

283 2335 321 2376 m
376 2312 470 2386 fregit.
506 2313 564 2370 His
578 2331 615 2370 ex
628 2313 769 2370 manubiis
784 2314 960 2370 Athenarum
973 2331 1033 2381 arx,
1048 2331 1103 2386 qua
1116 2314 1153 2369 ad

258 2395 279 2426 ⁸·
291 2385 315 2425 ⁰·
327 2397 349 2425 ¹¹·
364 2390 526 2460 ¹meridiem
536 2391 636 2468 vergit,
651 2401 697 2447 est
710 2387 831 2447 emata.i

192 2472 234 2527 nl
297 2466 369 2526 Ill-²
384 2463 495 2533 Quibus
522 2470 607 2526 rebus
628 2487 713 2543 quum
735 2486 807 2525 unus
831 2468 862 2525 in
885 2466 1000 2525 civitate
1028 2468 1152 2525 maxime

277 2572 314 2612 tm
376 2545 499 2616 flnreret,
513 2546 615 2604 incidit
627 2547 658 2604 in
672 2546 803 2603 eamdem
816 2546 963 2616 invidiam,
977 2565 1061 2621 quam
1071 2559 1154 2623 pater

253 2629 274 2660 ι
283 2621 307 2660 ⁰·
316 2631 337 2660 ¹¹·
376 2643 444 2681 suus
454 2625 599 2699 ceterique
610 2625 830 2682 Atheniensium
839 2624 996 2701 principes.
1011 2626 1087 2682 Nam
1094 2637 1153 2684 tes·

256 2711 347 2761 tarum
368 2701 523 2778 suffragiis,
547 2703 621 2777 quod
645 2703 688 2768 illi
708 2705 883 2782 ὀστρακισμὸν
910 2714 1023 2773 vocant,
1050 2703 1153 2760 decem

217 2783 395 2837 annnorum
419 2781 523 2840 exsilio
548 2782 682 2840 multatus
710 2792 764 2840 est.
820 2783 910 2858 Cujus
935 2781 1003 2838 facti
1028 2783 1153 2839 celerius

219 2856 463 2930 ,chtheniensea
487 2879 571 2934 quam
593 2859 697 2936 ipsum,
720 2862 871 2936 poenituit.l
997 2879 1082 2936 quum
1101 2860 1154 2918 ille
1241 2915 1245 2924 ,

257 2937 352 2994 animo
365 2936 430 2996 sorti
445 2937 561 2996 invidiae
573 2939 747 3015 ingratorum
761 2939 866 2998 civium
873 2959 909 2997 ce
927 2940 1024 3009 sisset,
1034 2941 1154 2998 bellurn·

256 3032 312 3089 que
327 3015 542 3076 Lacedaemonii
554 3018 780 3086 Atheniensibus
791 3020 979 3077 indixissent:
1002 3017 1154 3077 confestim

218 3098 236 3152 3
256 3105 331 3151 notat
346 3096 408 3171 ejus
421 3096 533 3153 virtutis
551 3096 729 3165 desiderium
749 3109 936 3155 consecutum
955 3109 1009 3154 est.
1040 3099 1153 3172 *Itaque

256 3183 323 3247 post
346 3191 451 3230 annum
470 3175 605 3248 quintum,
627 3193 712 3246 quam
733 3176 870 3250 expulsus
895 3187 964 3244 erat,
984 3175 1014 3230 in
1034 3174 1154 3248 patriam

221 3269 226 3313 ;·
257 3262 410 3308 revocatus
432 3263 485 3306 est.
535 3251 599 3319 Ille,
624 3252 698 3326 quod
721 3250 846 3325 hospitio
871 3250 1154 3308 Lacedaemoniorum

257 3329 396 3395 utebatur,
411 3329 501 3386 satius
522 3328 700 3397 existimans,
718 3329 892 3384 contendere
908 3327 1154 3398 Lacedaembnem,

258 3421 312 3460 sua
324 3415 426 3478 sponte
441 3419 486 3463 est
495 3405 650 3482 proiectus,
659 3424 816 3482 pacemque
826 3407 900 3462 inter
910 3405 981 3462 duas
990 3407 1154 3481 potentissi-

218 3487 238 3542 t
282 3506 320 3546 ceo
376 3501 438 3542 mas
453 3486 583 3544 civitates
599 3485 793 3543 conciliarier
808 3485 888 3554 Post,
898 3502 991 3558 neque
1006 3485 1046 3540 ita
1056 3485 1153 3553 multo,

258 3566 279 3597 ⁸⁸
292 3556 317 3596 ⁰·
329 3567 351 3594 ¹¹¹
378 3561 507 3638 Cyprum
518 3583 582 3620 cum
593 3563 725 3620 ducentis
736 3562 856 3619 navibus
870 3562 1023 3637 imperator
1036 3563 1153 3632 missus,

193 3671 207 3721 .'
221 3683 236 3711 ,
279 3667 317 3710 uo
339 3693 343 3712 ,
362 3657 462 3713 l‘qutun
476 3643 538 3720 ejus
552 3643 689 3717 majorem
703 3651 813 3718 partem
826 3641 929 3698 insulae
944 3641 1111 3711 devicisset,
1125 3640 1156 3698 in

221 3717 226 3726 '
256 3727 277 3760 t
290 3717 314 3758 ⁰·
324 3728 349 3786 Ρ·
377 3721 506 3778 morbum
517 3720 682 3796 implicitus,
691 3719 722 3778 in
732 3720 837 3797 oppido
849 3718 926 3777 Citio
941 3731 987 3777 est
999 3729 1135 3778 mortuus.

222 3803 236 3870 l
299 3799 351 3874 lli.
374 3797 461 3872 Hunc
476 3799 679 3871 ‚Athenienses
701 3817 758 3857 non
778 3797 875 3857 solum'
895 3799 924 3856 in
945 3798 1032 3868 bello,
1053 3798 1156 3856 sedin
