2646 4462
381 458 474 522 VIII.
501 467 531 520 2.
575 457 772 541 (Thrasybul
811 459 831 536 .)
1038 463 1080 522 37

175 605 345 664 vindicaret.
388 604 458 674 Sed,
482 601 585 662 nescio
609 623 664 678 quo
686 603 780 672 modo,
804 622 889 677 quum
910 623 976 661 eum
995 608 1120 664 named

175 685 298 742 anteiret
320 683 367 739 his
382 683 541 752 virtutibus,
555 683 635 739 multi
656 683 803 739 nobilitate
828 693 1081 756 proecucurrerunt.

176 763 305 821 Primum
330 761 545 836 Peloponnesio
567 761 644 818 bello
658 761 746 817 multa
770 758 818 816 hic
843 760 906 817 sine
930 761 1081 819 Alcibiade
1130 789 1134 802 ·

176 841 277 916 gessit,
287 841 337 896 ille
352 840 461 898 nullam
474 839 606 896 remsine
620 839 695 896 hoc:
718 857 779 912 quae
794 839 844 895 ille
858 840 1081 898 uuirersanatu·

175 919 229 990 rali
254 918 377 992 quodam
400 919 475 974 bono
500 917 570 974 secit
593 918 676 974 lucri.
720 917 780 974 Sed
804 917 854 973 illa
875 927 971 974 tamen
985 917 1120 978 omnial

176 991 339 1054 communia
360 996 576 1071 imperatoribus
592 1014 657 1052 cum
670 995 807 1052 militibus
823 1005 852 1051 et
873 994 992 1065 fortuna,
1006 997 1081 1071 quod

174 1075 205 1132 in
228 1075 324 1149 proelii
347 1093 489 1131 concursu
504 1075 562 1130 abit
583 1093 632 1130 res
647 1093 665 1130 a
679 1073 802 1129 consilio
825 1072 861 1129 ad
875 1074 953 1130 vires
967 1073 1079 1148 vimque

175 1153 371 1228 pugnantium.
413 1153 512 1226 Itaque
532 1153 596 1228 jura
611 1170 664 1209 suo
688 1151 825 1208 nonnulla
849 1153 884 1208 ab
908 1152 1079 1225 imperatore

174 1231 269 1299 miles,
294 1231 416 1306 plurima
443 1249 513 1286 vero
538 1231 648 1287 fortuna
670 1228 805 1298 vindicat,
830 1249 920 1303 seque
942 1229 990 1286 hic
1014 1231 1079 1304 plus

176 1310 312 1378 valuisse,
325 1328 410 1382 quam
424 1309 506 1365 ducis
518 1309 706 1383 prudentiam,
721 1326 789 1364 vere
804 1318 899 1382 potest
912 1307 1078 1382 praedicare.

176 1387 273 1452 Quare
299 1388 369 1443 illud
395 1387 711 1462 magnificentissimum
735 1385 841 1442 sactum
865 1385 1009 1461 proprium
1033 1397 1079 1443 est
1099 1391 1117 1444 5

175 1465 360 1540 Thrasybuli.
403 1464 480 1522 Nam
493 1484 579 1539 quum
589 1465 704 1540 triginta
717 1464 840 1540 tyranni,
854 1482 962 1539 proepo·
1018 1503 1054 1542 tot

175 1544 223 1600 siti
238 1561 255 1600 a
271 1543 508 1612 Lacedaemoniis,
518 1543 654 1600 servitute
664 1559 818 1618 oppressas
829 1553 962 1600 tenerent
986 1562 1008 1591 t·
1021 1553 1045 1592 c·
1057 1563 1080 1618 ¹.¹·

175 1621 315 1690 Athenas,
324 1622 462 1696 plurimos
474 1622 564 1690 cirea
573 1621 674 1695 quibus
689 1622 719 1677 in
734 1622 810 1677 bello
822 1633 949 1695 parserat
959 1621 1079 1692 senuna,

176 1699 279 1774 partim
293 1700 384 1774 patria
399 1700 587 1774 expulissent,
596 1699 698 1775 partim
713 1699 934 1769 interfecissent,
946 1699 1080 1775 plurimo-

175 1797 236 1834 rum
260 1780 335 1835 bona
359 1777 504 1855 publicata
518 1773 605 1837 'inter
629 1797 662 1834 se
687 1777 877 1834 divisissent:
905 1797 963 1834 non
986 1779 1079 1835 solum

174 1857 321 1934 princeps,
335 1859 389 1916 sed
405 1870 433 1915 et
449 1859 535 1936 [jam]
552 1860 631 1916 solus
645 1856 848 1914 initiobcllurn
861 1855 907 1915 his
922 1854 1034 1916 indixit.

214 1938 255 1994 lI.
298 1937 356 1993 Hic
367 1937 445 1993 enim
455 1957 540 2011 quum
550 1937 664 2011 Phylen
675 1936 862 2010 confugisset,
871 1936 946 2010 quud
955 1948 1000 1996 est
1015 1955 1078 1992 cas·
1101 1939 1114 1994 l

173 2016 274 2072 tellum
287 2016 318 2071 in
333 2016 429 2072 Attica
449 2017 679 2084 munitissimum,
692 2033 751 2070 non
771 2016 836 2088 plus
857 2014 955 2070 habuit
969 2031 1078 2083 secum,

173 2113 258 2168 quam
278 2093 395 2169 triginta
408 2095 444 2150 de
460 2095 530 2151 suis.
573 2094 639 2151 Hoc
654 2093 765 2150 initium
779 2092 831 2149 suit
851 2093 952 2149 salutis
967 2094 1078 2148 Acten-

174 2190 243 2240 rum‚
258 2172 317 2248 hoc
335 2174 419 2229 robur
442 2171 581 2233 libertatis
606 2171 772 2230 clarissime
798 2171 931 2229 civitatis.
972 2169 1077 2246 Neque
1097 2174 1116 2228 2

174 2263 248 2306 vero·
258 2250 306 2306 hic
321 2269 379 2308 non
394 2262 552 2317 contemtus
568 2262 613 2308 est
626 2251 717 2325 primo
732 2269 749 2305 a
762 2250 901 2326 tyrannis,
916 2259 998 2324 atque
1014 2252 1077 2327 ejus

175 2329 308 2385 solitudo.
351 2329 423 2395 Quae
437 2330 552 2403 quidem
566 2348 613 2386 res
629 2340 657 2385 et
671 2327 731 2386 illis
744 2329 990 2386 contemnentibus
1013 2348 1077 2404 per·

174 2408 274 2476 niciei,
289 2418 318 2464 et
331 2407 399 2463 huic
414 2406 553 2482 despecto
575 2408 659 2464 saluti
673 2407 734 2465 suit.
777 2407 849 2467 Haec
865 2407 941 2466 enim
959 2407 1026 2464 illos
1042 2407 1078 2463 ad

175 2486 405 2560 persequendum
427 2505 544 2561 segnes,
558 2486 612 2542 hos
634 2497 737 2554 autam,
761 2495 888 2560 tempore
903 2485 939 2542 ad
963 2504 1077 2560 compa·

175 2563 293 2619 randum
307 2564 382 2632 dato,
402 2563 472 2620 fecit
486 2563 671 2620 robustiores.
713 2564 778 2629 Quo
792 2564 884 2638 magis
905 2573 1077 2637 praeceptum
1098 2565 1115 2619 3

176 2639 246 2706 illud
260 2643 384 2699 omnium
399 2640 540 2699 inanimis
556 2659 623 2700 esse
638 2643 737 2700 debet:
761 2641 858 2698 ‘Nihil
870 2642 899 2697 in
908 2642 985 2698 bello
996 2659 1077 2718 opor-

176 2720 414 2790 teracontemni;’
427 2740 483 2778 nec
493 2722 556 2778 sine
566 2721 736 2778 causedici:
760 2721 898 2778 ‘Matrem
906 2719 998 2776 timidi
1006 2719 1075 2777 flere

176 2812 233 2851 non
259 2798 372 2854 solere.’
421 2798 523 2873 Neque
545 2810 641 2856 tamen
664 2817 716 2876 pro
741 2798 875 2874 opinione
900 2799 1115 2873 Thrasybuli4

178 2883 267 2930 auctae
281 2887 347 2932 sunt
360 2895 440 2951 opes.
482 2877 558 2936 Nam
568 2879 701 2954 jamtum
715 2875 774 2934 illis
788 2877 961 2951 temporibus
976 2877 1077 2934 fortius

178 2951 244 3008 boni
259 2969 310 3027 pro
324 2953 454 3012 libertate
471 2956 665 3030 loquebantur,
679 2973 763 3029 quam
782 2956 955 3031 pugnabant.
997 2955 1075 3012 Hinc
1097 2959 1116 3011 5

177 3028 207 3084 in
221 3028 495 3102 Piraeeumtransiit,
510 3033 753 3108 Munychiamque
767 3033 895 3089 munivit'.
931 3029 1016 3089 Hanc
1031 3033 1075 3089 bis

177 3109 289 3180 tyranni
304 3126 466 3183 oppugnare
482 3123 547 3168 sunt
561 3112 659 3181 adorti,
674 3113 709 3168 ab
725 3130 814 3184 eaque
835 3110 954 3186 turpiter
967 3110 1076 3186 repulsi

177 3185 305 3258 protinus
319 3186 350 3242 in
365 3187 471 3256 urbem;
486 3190 571 3246 armis
586 3189 852 3265 impedimentisque
867 3188 992 3258 amissis,
1001 3189 1076 3254 refu-

178 3273 288 3336 gerunt.
330 3263 408 3320 Usus
432 3275 478 3320 est
500 3266 699 3342 Thrasybulus
722 3286 780 3324 non
800 3267 895 3324 minus
916 3267 1075 3342 prudentia,
1096 3271 1115 3325 6

176 3356 261 3427 quam
285 3341 462 3398 fortitudine.
499 3342 576 3399 Nam
590 3346 727 3403 cedentes
741 3346 843 3403 violari
857 3346 963 3414 vetuit;
996 3347 1075 3404 cives

177 3435 254 3473 emm
263 3418 374 3476 civibus
388 3437 508 3493 parcere
518 3439 627 3494 aequum
640 3425 787 3480 censebat.
809 3424 912 3498 Neque
927 3425 1077 3500 quisquam

176 3505 221 3550 est
234 3496 409 3564 vulneratus,
422 3495 481 3552 nisi
494 3498 542 3570 qui
556 3500 632 3573 prior
652 3500 817 3575 impugnare
832 3504 930 3559 voluit.
976 3504 1076 3561 Nemi·

175 3589 242 3628 nem
262 3573 409 3647 jacentem
429 3582 510 3631 reste
534 3575 685 3650 spoliarit;
715 3579 757 3635 nil
779 3577 879 3654 attigit,
903 3581 961 3636 nisi
989 3601 1075 3650 arma,

175 3667 293 3722 quorum
316 3650 472 3724 indigebat,
497 3663 525 3708 et
548 3671 609 3726 quae
633 3654 669 3710 ad
682 3656 788 3712 victum
811 3659 999 3731 pertinebant.
1041 3659 1111 3716 In7

175 3726 303 3782 secundo
316 3729 418 3803 proelio
440 3729 547 3786 cecidit
569 3731 686 3800 Critias,
701 3733 758 3788 dux
778 3745 970 3808 tyrannorum,
990 3753 1076 3806 quum

174 3801 290 3876 quidem
304 3805 483 3862 exadversus
497 3806 711 3882 Thrasybulum
724 3808 878 3866 fortissime
892 3821 1041 3886 pugnarat.
