2646 4462
265 473 307 532 80
490 466 563 528 Vll.
600 473 626 541 l,
643 474 673 540 2,
690 471 719 527 3.
765 463 979 544 (Alcibiades.)

304 615 368 672 benc
381 614 513 672 consulit,
541 611 600 669 IX.
618 612 654 668 ln
665 610 765 668 Asiam
779 612 890 666 transit.
927 608 969 666 X.
985 609 1021 666 In
1032 609 1162 688 Phrygio

302 694 474 772 interficitur.
515 691 568 748 XI
569 734 575 746 .
598 690 756 747 Alcibiadis
770 689 832 745 laus
846 700 871 744 et
886 690 1059 764 vituperatio.

226 855 239 910 1
303 851 328 908 Ι.
362 850 537 918 Alcibiades,
564 848 665 905 Clinia
692 847 776 911 filius,
798 845 994 902 Atheniensis.
1046 845 1081 901 In
1105 845 1160 902 hoc

263 942 373 995 nature,
394 929 462 1002 quid
484 928 599 984 efficere
622 927 722 1001 possit,
742 925 854 982 videtur
876 937 1000 998 experta.
1044 925 1163 980 Constat

264 1009 340 1064 euim
369 1008 442 1063 inter
469 1025 579 1074 ornnes,
608 1005 656 1078 qui
685 1005 720 1060 de
743 1022 777 1060 eo
802 1005 945 1060 memoria
972 1002 1162 1078 prodiderunt,

264 1086 336 1142 nihil
359 1087 407 1142 illo
430 1085 519 1142 luisse
543 1084 740 1150 excellentius,
763 1082 809 1137 vel
831 1083 860 1138 in
884 1083 969 1150 vitiis,
993 1082 1037 1137 vel
1059 1083 1088 1137 in
1108 1083 1163 1137 vir·

225 1165 378 1222 ll'tutibus.
420 1164 513 1237 Natus
534 1163 563 1218 in
585 1162 759 1236 amplissima
779 1161 902 1226 civitate,
917 1179 1027 1216 summo
1048 1178 1162 1234 genere,

264 1245 388 1302 omniurn
416 1244 506 1298 aetatis
535 1260 593 1297 sua
628 1241 713 1296 multo
740 1237 971 1307 formosissimus,
999 1239 1035 1296 ad
1063 1257 1162 1294 omnes

264 1341 311 1380 res
333 1333 423 1397 aptus,
444 1320 612 1392 consiliique
633 1318 744 1392 plenus.
788 1317 919 1390 Namque
940 1318 1092 1396 imperator
1112 1317 1164 1373 fuit

265 1419 391 1457 summus
406 1411 434 1454 et
448 1399 520 1455 mari
535 1408 564 1454 et
577 1409 651 1453 terra
665 1396 825 1470 Miserius,
840 1409 867 1452 ut
883 1397 1022 1472 imprimis
1040 1396 1163 1465 dicendo

265 1481 381 1547 valeret,
403 1477 477 1550 quod
501 1489 579 1532 tanta
601 1487 660 1531 erat
682 1475 891 1544 commendatio
913 1475 970 1530 nris
994 1486 1078 1548 atque
1099 1493 1160 1530 ora·

186 1590 197 1621 s
227 1557 360 1624 3tionis,
380 1567 410 1611 ut
434 1573 518 1612 nemo
544 1555 570 1624 ei
595 1552 719 1610 dicendo
743 1565 841 1628 posset
864 1555 1019 1622 resistere;
1051 1553 1164 1622 deinde,

264 1653 349 1706 quum
377 1645 488 1708 tempus
516 1644 658 1708 posceret,
687 1632 861 1698 laboriosus.
878 1633 1000 1706 patiens,
1026 1633 1163 1700 liberalis,

267 1712 432 1786 splendidus
456 1730 513 1768 non
539 1711 631 1768 minus
655 1711 685 1780 in
705 1711 771 1778 pita,
792 1709 879 1784 quani
901 1712 977 1770 victu
991 1733 1003 1779 3-
1031 1711 1164 1779 affabilis,

226 1791 394 1859 Ablandus,
429 1791 601 1868 temporibus
636 1789 822 1846 callidissime
857 1789 1028 1846 inserviens.
1073 1790 1163 1859 Idem,

266 1870 351 1926 simul
366 1888 399 1924 ac
414 1889 446 1925 se
457 1863 618 1942 remiserat,
631 1887 722 1941 neque
738 1887 827 1924 causa
842 1870 963 1935 suberat,
975 1887 1061 1942 quare
1073 1869 1164 1930 animi

225 1949 390 2005 «laborem
418 1947 563 2024 perferret,
593 1948 764 2015 luxuriosus,
794 1948 957 2015 dissolutae,
985 1947 1164 2016 libidinosus,

266 2027 457 2102 intemperans
485 2028 686 2102 reperiebatur,
713 2036 743 2082 ut
770 2045 870 2083 omnes
898 2027 1109 2092 admirarentur,
1134 2026 1165 2082 in

266 2124 323 2162 uno
344 2104 458 2162 homine
479 2117 586 2162 tautam
609 2125 675 2163 esse
700 2105 968 2174 dissimilitudinem,
990 2117 1101 2179 tamque
1123 2105 1165 2163 di·

267 2203 377 2240 versam
392 2197 528 2246 naturam.

307 2262 347 2317 II.
378 2261 524 2318 Educatus
550 2262 641 2318 estin
665 2262 748 2318 domo
769 2262 875 2318 Pericli
904 2261 1062 2338 (privignus
1089 2262 1165 2326 enim

267 2340 329 2414 ejus
345 2339 434 2394 fuisse
446 2339 571 2414 dieitur),
585 2341 710 2396 eruditus
722 2359 740 2395 a
753 2341 891 2396 Socrates
921 2341 1057 2396 Socerum
1069 2339 1166 2397 habuit

222 2411 227 2418 ⁸
267 2417 608 2493 Hipponicun1,omniurn
625 2419 726 2474 Graeca
747 2419 841 2506 pugup
863 2418 1034 2492 loquentium
1056 2420 1164 2476 divitis·

266 2498 378 2565 simum,
407 2507 445 2563 ut,
474 2496 499 2552 si
527 2495 589 2571 ipse
619 2496 725 2570 fingere
747 2497 841 2564 vellet,
863 2514 953 2570 neque
984 2497 1063 2571 plura
1091 2499 1165 2556 bona

267 2572 424 2644 reminisci,
438 2593 530 2647 neque
548 2575 654 2649 r'r'rajora
672 2585 771 2650 posset
789 2575 934 2648 consequi,
948 2595 1030 2649 quarn
1045 2578 1090 2634 vel
1111 2577 1166 2634 for-

268 2666 335 2710 tuna
350 2654 395 2709 vel
410 2666 509 2711 natura
524 2647 689 2718 tribuerats

231 2737 244 2789 l
267 2749 274 2790 ,·
307 2732 469 2810 IlIfRello
485 2731 695 2807 Peloponnesio
709 2731 792 2807 hujus
808 2733 927 2788 consilio
942 2743 1024 2806 atque
1046 2735 1166 2791 auotori-

268 2820 324 2867 tate
351 2809 547 2866 Athenienses
571 2811 676 2866 bellurn
700 2811 891 2890 Syracusanis
914 2811 1095 2870 indixerunt:
1129 2814 1166 2871 ad

268 2889 342 2966 quod
367 2889 523 2975 gerendum
547 2890 610 2964 ipse
631 2889 688 2946 dux
709 2875 839 2948 delectus
861 2900 924 2957 est;
950 2890 1006 2946 duo
1030 2904 1166 2966 praeterea

228 2972 247 3024 2
269 2966 479 3044 collegae'dati.
501 2969 603 3024 Nicias
624 2981 653 3025 et
675 2969 847 3026 Lamichus.
891 2969 923 3026 ld
942 2989 1027 3042 quum
1046 2989 1165 3045 appara·

267 3060 352 3117 retur,
373 3048 450 3122 prius
472 3067 555 3122 quam
576 3049 679 3104 classis
701 3049 801 3118 exiret,
821 3049 934 3115 accidit,
955 3061 984 3105 ut
1004 3068 1061 3105 una
1082 3061 1166 3112 nocte

219 3155 233 3188 ,ι
268 3144 367 3182 omnes
394 3125 520 3204 llerrnae,
542 3127 588 3202 qui
617 3127 645 3182 in
668 3128 772 3202 oppido
798 3120 878 3184 erant
903 3128 1034 3196 Athenis,
1060 3127 1167 3202 dejice·

268 3215 372 3273 rentur,
399 3214 501 3277 praeter
530 3222 629 3270 unum,
658 3206 705 3276 qui
733 3217 803 3259 'ante
834 3206 952 3279 januam
981 3216 1040 3260 erat
1072 3206 1168 3277 Ando-

231 3283 248 3335 3
268 3281 352 3348 aidis.
403 3281 501 3351 Itaque
523 3279 573 3335 ille
596 3292 695 3353 postea
720 3281 880 3343 Mercurius
904 3281 1068 3338 Andocides
1091 3285 1167 3340 voci·

269 3365 342 3412 tatus
357 3366 432 3412 ests
454 3355 519 3412 Hoc
534 3374 619 3428 quum
640 3369 789 3432 appareret
810 3377 865 3430 non
887 3359 950 3414 sine
972 3377 1076 3434 magna
1098 3364 1168 3419 mul·

270 3446 359 3490 torum
382 3435 578 3496 ,consensione
607 3455 673 3492 esse
698 3437 813 3504 sactum,
838 3437 911 3510 quod
936 3455 992 3493 non
1017 3439 1052 3494 ad
1077 3442 1168 3514 priva-

237 3525 335 3579 istam,
361 3514 411 3569 sed
434 3514 469 3569 ad
489 3514 631 3588 publicam
651 3533 710 3570 rern
731 3515 893 3590 pertineret,
910 3535 1027 3591 magnus
1046 3520 1168 3589 multitu·

270 3592 329 3667 dini
344 3592 425 3647 timor
440 3603 485 3647 est
498 3593 629 3665 injectus,
645 3612 680 3663 ne
696 3613 750 3666 qua
768 3595 918 3667 repentina
939 3596 981 3651 vis
1003 3597 1031 3652 in
1054 3597 1167 3658 civitate

231 3673 431 3738 4exsisteret‚
463 3689 526 3744 quae
557 3671 713 3737 libertatern
739 3673 910 3747 opprimeret
937 3676 1043 3750 populi.
1100 3678 1166 3735 Hoc

265 3751 395 3808 maxime
410 3750 562 3804 convenire
578 3751 606 3804 in
623 3751 801 3807 Alcibiadem
817 3751 972 3821 videbatur,
988 3755 1061 3828 quod
1077 3769 1105 3812 et
1119 3777 1168 3833 po·

271 3830 372 3886 lentior
387 3839 414 3884 et
428 3828 525 3903 major,
540 3847 624 3902 quarn
645 3830 781 3904 privatus,
796 3831 1041 3890 existimabam
1060 3835 1167 3894 Multos
1198 3881 1202 3888 ,
