2646 4462
462 479 523 542 111.
545 488 575 557 2,
591 487 620 544 a
666 480 855 562 (sestias.)
1072 483 1110 542 21

216 626 285 702 quid
296 626 440 684 Aristides
452 627 654 696 commisisset,
666 644 718 683 cur
729 637 807 684 tanta
820 645 906 701 poena
916 625 1021 702 dignus
1032 625 1119 683 duce-

217 701 312 764 retunt
356 705 411 762 Cui
425 705 476 761 ille
497 705 654 780 respondit,
668 725 701 762 se
723 705 854 782 ignorare
870 705 1044 773 Aristidem
1066 705 1119 761 sed
1138 709 1158 762 4

218 784 344 848 sibinen
358 781 483 859 placere,
495 783 569 857 quod
583 796 640 840 tam
655 783 759 858 cupide
774 784 959 852 elaborasset,
975 793 1005 839 ut
1018 794 1119 857 praeter

219 875 332 918 ceteros
346 863 445 918 Justus
460 863 660 938 appellaretur.
702 862 760 918 Hic
781 862 883 918 decem
897 880 1033 920 annorum
1047 861 1118 936 legi·
1139 867 1158 917 5

213 941 315 998 -timam
337 958 451 1015 poenam
471 958 528 996 non
552 941 677 1015 pertulit.
727 940 803 997 Nam
830 951 979 1014 postquam
1004 939 1118 996 Xerxes

218 1019 248 1075 in
271 1018 415 1074 Graeciam
437 1018 599 1087 descendit,
613 1029 695 1074 sexto
710 1016 771 1073 fere
793 1036 877 1087 anno,
891 1037 975 1091 quam
995 1030 1056 1074 erat
1070 1037 1119 1074 ex·

218 1098 329 1173 pulsus,
343 1097 515 1172 populiscito
529 1097 560 1154 in
572 1097 693 1172 patriam
706 1096 853 1153 restitutus
868 1107 922 1153 est.

258 1175 299 1232 II.
335 1174 466 1233 Interfuit
488 1185 584 1233 autem
610 1193 712 1250 pugnae
736 1174 831 1230 navali
860 1174 935 1248 apud
963 1174 1118 1244 Salamina,
1141 1178 1155 1232 l

219 1272 282 1329 quaa
309 1252 385 1310 facta
409 1264 455 1310 est
481 1253 569 1328 prius,
594 1271 678 1327 quam
701 1258 785 1328 poena
808 1252 984 1309 liberaretur.
1037 1253 1120 1310 Idem

219 1343 321 1407 praetor
341 1331 636 1388 fuitAtheniensium
656 1331 732 1406 apud
753 1330 876 1388 Plataeas
897 1330 927 1387 in
940 1330 1050 1405 proelio,
1064 1347 1120 1404 quo

220 1411 388 1467 Mardonius
409 1410 501 1479 lusus,
524 1411 761 1483 barbarorumque
786 1409 930 1466 exercitus
952 1408 1119 1465 interiectus

222 1500 276 1546 est.
292 1487 420 1564 lNeque
435 1488 513 1544 aliud
528 1499 573 1544 est
586 1488 674 1544 ullum
690 1487 775 1563 hujus
789 1488 820 1544 in
833 1505 864 1544 re
879 1487 994 1545 militari
1008 1487 1118 1546 illustre
1138 1493 1157 1545 2

222 1562 336 1636 factum,
349 1586 434 1641 quam
454 1566 540 1642 hujus
561 1566 674 1641 imperii
693 1566 848 1634 memoria;
866 1567 983 1641 justitia
998 1583 1076 1636 vero,
1090 1575 1120 1622 et

223 1646 370 1718 equitatis,
399 1656 428 1701 et
452 1643 625 1701 innocentiae
648 1645 752 1702 multa:
774 1645 935 1719 inprimis,
957 1644 1032 1720 quod
1056 1646 1119 1721 ejus

222 1723 350 1798 aequitate
376 1724 482 1780 factum
507 1733 560 1790 est,
584 1742 670 1797 quum
694 1723 724 1780 in
751 1723 893 1780 communi
917 1725 1012 1780 classe
1040 1734 1121 1780 esset

224 1801 344 1859 Graeciae
366 1801 451 1860 simul
465 1820 530 1859 cum
546 1801 699 1870 Pausania,
712 1819 768 1875 quo
788 1801 861 1858 duce
877 1801 1045 1858 Mardonius
1060 1812 1120 1859 erat

221 1879 344 1956 fugatus,
358 1891 389 1936 ut
409 1899 518 1936 summa
543 1879 656 1954 imperii
678 1879 811 1937 maritimi
834 1880 868 1936 ab
891 1880 1120 1936 Lacedaemoniis

220 1958 474 2015 transferretur-ad.
484 1958 690 2015 Athenienses.
731 1958 863 2032 Namque
885 1967 950 2014 aute
965 1958 995 2015 id
1008 1969 1119 2032 tempus
1141 1961 1158 2016 3

221 2048 250 2094 et
263 2036 336 2094 mari
350 2046 379 2092 et
391 2047 467 2092 terra
480 2036 569 2093 duces
584 2046 665 2093 erant
679 2035 900 2093 Lacedaemonii.
938 2036 1014 2092 Tum
1027 2046 1121 2091 autem

221 2125 250 2172 et
272 2115 491 2189 intemperantia
515 2114 675 2185 Pausaniae,
697 2125 727 2170 et
742 2113 854 2190 justitia
873 2113 979 2170 sactum
999 2124 1044 2170 est
1057 2113 1122 2169 Ari·

138 2210 144 2224 ·
217 2193 317 2262 sudis,
330 2205 362 2249 ut
375 2211 475 2249 omnes
489 2193 550 2249 fere
566 2193 698 2250 civitates
715 2191 836 2258 Graeciae
850 2193 886 2249 ad
900 2191 1122 2251 Atheniensium

222 2273 391 2328 societatem
400 2290 433 2327 se
443 2272 629 2348 applicarent,
639 2282 668 2328 et
677 2271 813 2328 adversus
822 2272 957 2330 barbaros
964 2269 1019 2329 hos
1031 2271 1121 2328 duces

222 2349 384 2426 deligerent
398 2350 463 2407 sibi.

261 2429 318 2486 111.
340 2430 501 2503 Quosque
525 2427 650 2486 facilius·
664 2429 847 2505 repellerent,
870 2428 897 2485 si
918 2428 990 2485 forte
1014 2428 1121 2486 bellum
1143 2432 1158 2486 1

116 2535 124 2544 ·
222 2525 359 2564 renovare
374 2517 553 2576 conarentur,
568 2507 603 2564 ad
625 2507 737 2564 classes
758 2507 940 2564 aedificandas
965 2508 1122 2564 exercitus·

222 2602 277 2658 que
289 2584 496 2660 comparandos
507 2597 641 2660 qnantum
651 2586 781 2660 pecunia
792 2603 909 2658 quaeque
919 2585 1021 2640 civitas
1032 2585 1121 2653 daret,

222 2662 366 2719 Aristides
381 2662 512 2719 delectus
532 2673 586 2733 est,
600 2664 649 2738 qui
663 2663 858 2740 constitueret,
874 2664 992 2738 ejusque
1007 2662 1122 2719 arbitrio

222 2740 417 2816 quadringena
429 2751 460 2797 et
480 2760 627 2817 sexagena
645 2743 752 2798 talenta
772 2741 923 2816 quotannis
939 2740 1044 2798 Delum
1057 2751 1123 2798 aunt

224 2819 336 2876 collata.
377 2819 412 2876 Id
439 2819 516 2876 euim
540 2838 691 2878 commune
716 2820 846 2877 ararium
868 2839 935 2876 esse
962 2821 1121 2877 voluerunt.

225 2897 297 2962 Qua
311 2897 403 2954 onmis
424 2899 549 2972 pecunia
568 2909 685 2973 postero
698 2908 826 2972 tempore
840 2897 970 2954 Athenas
986 2899 1124 2954 translata

224 2985 278 3030 est.
333 2975 391 3031 Hic
416 2994 474 3050 qua¹
495 2975 581 3032 fuerit
605 2975 786 3042 abstinentia,
810 2975 924 3042 nullum„
946 2985 992 3030 est
1016 2975 1160 3032 certius2

223 3051 369 3122 indicium,
383 3073 469 3128 quarn
489 3053 673 3127 quodquam
694 3051 782 3106 tantis
802 3052 888 3128 rebus
908 3051 1079 3126 praefuisset,
1092 3053 1123 3108 in

222 3141 301 3186 tanta
324 3142 490 3207 paupertate
513 3129 652 3199 decessit,
673 3139 713 3198 ut,
734 3127 783 3202 qui
807 3127 964 3198 efferretur,
989 3129 1038 3186 vix
1057 3128 1124 3186 reli·

222 3209 324 3282 querit.
366 3210 433 3274 Quo
447 3209 553 3266 sactum
567 3219 622 3278 est,
632 3219 663 3264 nt
676 3207 744 3264 filiae
755 3208 820 3283 ejus
835 3207 950 3282 publice
972 3208 1123 3278 alerentur,
1144 3212 1162 3266 3

223 3287 301 3344 etde
317 3288 460 3346 commum
475 3287 574 3344 aerario
593 3285 706 3344 dotibus
715 3286 790 3343 datis
805 3287 1022 3345 collocarentur.
1064 3286 1124 3344 De·

224 3365 314 3421 cessit
336 3375 432 3442 autern
458 3365 519 3422 fere
543 3375 609 3440 post
630 3383 735 3423 annum
761 3375 898 3440 quartum,
920 3383 1005 3440 quam
1053 3391 1090 3431 471

223 3442 441 3502 Themistocles
451 3442 574 3500 Athenis
589 3454 651 3502 erat
664 3443 826 3519 expulsus..¹
1030 3451 1050 3480 ι
1063 3442 1087 3484 ⁰·
1099 3451 1121 3482 ³¹·
