2646 4462
193 355 265 446 ‘is
470 381 511 443 ιι.
548 385 579 442 e.
614 380 895 460 (Themistoclea).

227 527 386 588 munierum
399 527 526 585 accessit
527 547 636 602 ,penes
651 547 722 602 quos
737 546 878 585 summum
891 526 1049 602 imperium
1056 535 1125 596 erat,

228 617 312 681 atque
326 606 402 680 apud
419 625 472 663 eos
495 571 650 676 cohaendit,
664 606 739 664 falsa
760 606 807 662 his
822 625 895 664 esse
904 605 1017 676 delateJ
1031 624 1125 680 quare

200 699 201 704 ’
228 703 340 759 requenn
350 703 427 755 esse,
438 684 543 742 illos
516 704 593 742 viros
607 651 698 762 boiros
709 686 878 760 nobilesque
890 685 1012 768 mittere,
1022 684 1125 760 quibus

226 763 300 822 fides
323 762 486 851 haberetur,
499 765 548 838 qui
570 782 631 820 rem
653 765 852 840 explorarent3
873 762 984 823 interea
1003 782 1036 820 se
1051 762 1126 818 obsi-

189 845 206 898 3
227 841 295 898 dem
321 841 486 900 retinerent.
529 843 638 900 Gestus
664 855 709 900 est
733 844 761 900 ai
787 862 861 913 mos,
884 853 1001 918 tresque
1028 841 1126 916 legati,

227 919 317 978 suncti
331 921 449 978 summis
463 921 628 992 honoribus,
640 921 770 979 Athenas
781 921 864 982 missi
875 931 950 978 sunt.
992 920 1066 977 Cum
1079 918 1126 975 his

228 999 357 1074 collegas
369 1018 436 1056 suos
448 999 686 1058 Themistocles
675 1001 764 1076 Jussit
777 999 969 1075 proficisci,
944 1017 1045 1074 eisque
1056 1015 1127 1072 prae·

226 1076 309 1147 dixit,
322 1089 403 1136 utne
417 1078 497 1154 prius
514 1079 799 1136 Lacedaemoniorum
817 1079 929 1152 legatos
943 1077 1127 1144 dimitterent,

188 1159 206 1212 4
228 1175 313 1246 qnam
326 1155 390 1232 ipse
405 1168 485 1214 esset
497 1157 647 1214 remissus.
676 1157 742 1212 Hos
756 1167 906 1231 postquam
920 1153 1049 1211 Athenas
1062 1171 1127 1228 per

227 1236 350 1292 venisse
359 1247 436 1294 ratus
452 1245 506 1305 est,
520 1234 556 1292 ad
574 1234 769 1322 magistratum
782 1243 969 1308 senatumque
990 1232 1128 1289 Lacedae·

227 1314 387 1372 ιιιοιιιοιιιιιι
411 1314 489 1382 adiit,
504 1324 533 1370 et
554 1313 629 1388 apud
648 1331 699 1370 eos
724 1311 884 1369 liberrime
889 1311 1039 1402 professus
1063 1319 1125 1368 est:

227 1389 425 1473 Athenienses
445 1409 497 1448 suo
511 1391 644 1461 consilio,
658 1391 734 1465 quod
754 1391 897 1448 communi
914 1391 978 1467 jure
1001 1390 1128 1465 gentium

227 1470 325 1528 lacere
335 1479 463 1545 possent
472 1469 543 1526 deos
552 1469 693 1544 publrcos
702 1488 827 1544 suosque
836 1469 945 1544 patrios
954 1489 988 1526 ac
997 1479 1128 1544 penates,

227 1565 284 1623 quo
298 1548 413 1605 facilius
425 1548 460 1605 ab
473 1547 559 1604 hoste
572 1559 692 1622 possent
702 1548 869 1617 defendere,
878 1549 966 1604 muris
978 1549 1127 1624 sepsisse;

189 1632 207 1684 5
228 1645 323 1702 neque
337 1625 368 1682 in
383 1644 428 1696 eo,
442 1626 518 1701 quod
534 1627 634 1684 inutile
650 1637 730 1684 esset
745 1627 876 1696 Graeciae,
890 1625 1010 1685 fecisse.
1052 1626 1128 1683 Nam

228 1705 343 1762 illorum
363 1706 463 1762 urbem
484 1715 515 1762 ιιι
526 1706 780 1796 propugnaculum
794 1705 957 1792 oppositum
976 1723 1043 1761 esse
1065 1705 1128 1760 bar-

228 1784 315 1854 baris,
330 1783 405 1858 apud
419 1801 506 1859 quam
520 1785 580 1860 jam
593 1783 638 1841 bis
654 1785 767 1840 classes
782 1783 878 1858 regias
893 1782 1001 1840 fecisse
1015 1782 1128 1839 naufra-

189 1861 317 1938 6gium
359 1861 597 1920 Lacedaemonios
622 1873 717 1921 autem
737 1863 826 1918 male
836 1873 867 1918 et
887 1863 993 1938 injuste
1021 1861 1129 1930 facere,

227 1941 277 2017 qui
301 1941 331 1999 id
355 1941 450 2016 potius
475 1942 660 2012 intuerentur,
684 1941 791 2017 quod
784 1959 912 2016 rpsorum
933 1939 1129 2006 dominationi,

150 2040 152 2046 ·
228 2039 314 2096 quam
337 2021 413 2097 quod
436 2020 581 2078 universae
606 2021 729 2078 Graeciae
750 2021 829 2080 utile
846 2031 934 2078 esset.
976 2021 1084 2088 Quare,
1103 2017 1130 2075 si

126 2126 132 2134 ·
228 2118 298 2164 suos
312 2100 424 2174 legatos
438 2099 570 2174 recipere
583 2101 700 2170 vellent,
712 2117 783 2174 quos
795 2099 924 2156 Athenas
939 2099 1086 2166 miserant,
1095 2114 1129 2154 se

228 2177 414 2246 remitterent,
430 2179 512 2234 aliter
526 2178 592 2234 illos
606 2197 761 2253 numquam
774 2176 805 2233 in
821 2177 941 2252 patriam
955 2175 1109 2250 recepturi

191 2260 206 2314 1
231 2303 233 2309 .
270 2255 355 2312 VIII.
377 2256 490 2312 Tamen
514 2274 572 2311 non
594 2255 696 2330 effugit
718 2255 823 2311 civium
846 2273 961 2311 suorum
982 2253 1128 2312 iuvidiam.

230 2333 362 2408 Namque
377 2333 413 2389 ob
428 2332 561 2390 eumdem
581 2333 791 2407 timoremque
810 2333 959 2388 damnatus
981 2343 1042 2388 erat
1062 2332 1130 2388 Mil·

231 2410 333 2481 tiades,
361 2421 499 2471 testarum
526 2409 674 2486 suffragiis,
700 2430 717 2467 e
745 2410 860 2471 civitate
889 2411 1010 2486 ejectus,
1035 2412 1130 2486 Argos

190 2495 210 2548 2
230 2489 387 2548 habitatum
408 2490 565 2547 concessit.
607 2489 666 2546 Hic
689 2507 776 2564 quum
801 2499 917 2564 propter
939 2490 1047 2545 multas
1066 2489 1130 2565 ejus

229 2568 350 2626 virtutes
366 2586 481 2644 *magna
509 2587 575 2632 cum
601 2567 739 2643 dIgnitete
766 2568 887 2637 viveret,
903 2567 1130 2626 'Lacedaemonii

229 2648 342 2723 legatos
351 2647 482 2704 Athenas
496 2647 645 2716 miserum,
652 2647 701 2721 qui
708 2665 778 2703 eum
789 2645 938 2704 absentem
949 2652 1130 2716 accusarent,

230 2726 306 2802 quod
320 2726 489 2782 societatem
500 2745 566 2782 cum
576 2744 652 2800 rege
661 2725 815 2783 Persarum
826 2725 862 2781 ad
878 2725 1022 2782 Graeciam
1035 2725 1130 2801 oppri-

191 2805 365 2863 3mendam
391 2804 521 2862 fecisset.
577 2804 643 2864 Hoc
672 2803 791 2862 crimine
820 2805 928 2862 absens
960 2804 1130 2880 proditionis

252 2907 302 2948 475*
338 2893 396 2941 :est
417 2883 576 2942 damnatus
601 2883 652 2942 *Id
677 2894 709 2940 ιιι
731 2883 850 2954 audivit,
867 2883 947 2959 quod
973 2903 1031 2942 non
1060 2884 1131 2941 satis

229 2959 281 3000 ²⁰·
290 2969 312 2998 ¹²·
350 2973 440 3020 tutum
461 2981 494 3021 se
513 2964 601 3039 Argis
623 2963 748 3033 videbat,
772 2963 929 3038 Corcyram
950 2962 1130 3054 demigravit.

231 3041 278 3100 Ibi
290 3060 377 3117 quum
390 3043 453 3119 ejus
466 3042 614 3118 principes
623 3042 750 3099 civitatis
762 3041 1010 3100 ammadvertiaset
1020 3043 1131 3108 timere,

230 3139 268 3178 ne
287 3132 402 3196 propter
415 3140 448 3178 se
467 3121 575 3178 bellum
594 3120 641 3176 his
662 3120 876 3179 Lacedaemonii
892 3131 921 3176 et
934 3118 1130 3176 Athenienses

230 3198 412 3256 iudicerent:
454 3198 491 3255 ad
518 3198 679 3266 Admetum,
709 3197 903 3254 Molossorum
929 3215 1037 3271 regem,
1066 3213 1132 3252 cum

192 3279 212 3333 4
230 3277 288 3350 quo
303 3294 331 3332 er
323 3275 502 3350 hospitium
514 3275 615 3344 luerat,
631 3239 769 3350 coirlugit.
808 3275 875 3332 Huc
890 3292 976 3349 quum
989 3275 1130 3344 venisset,

232 3363 263 3410 et
276 3353 306 3410 in
326 3353 481 3428 praesentia
500 3372 554 3410 ⁴rex
576 3355 703 3423 abesset,
724 3367 781 3428 quo
803 3354 910 3429 majore
929 3352 1074 3442 religione
1097 3371 1130 3410 se

232 3442 380 3522 receptum
393 3442 527 3521 tueretur,
542 3432 670 3489 filiam'
644 3451 707 3507 eJus
720 3432 868 3506 parvulam
881 3432 1012 3507 arripuit,
1010 3443 1052 3489 et
1066 3450 1131 3489 cum

232 3529 270 3568 ea
288 3530 320 3568 se
341 3511 372 3568 in
393 3511 559 3580 sacrarium,
573 3511 649 3599 quod
671 3529 782 3567 summa
797 3511 943 3567 colebatur
957 3511 1130 3581 cerimonia,

234 3585 367 3666 conjecit.
409 3589 481 3646 Inde
502 3608 560 3659 non
580 3589 660 3677 prius
681 3607 817 3664 egressus
832 3599 886 3658 est,
900 3607 990 3680 quarn
998 3607 1051 3646 rex
1065 3609 1132 3647 eum

194 3673 212 3726 5
231 3669 300 3726 data
322 3668 472 3725 dextram
494 3656 580 3726 fidem
601 3667 757 3742 reciperet,
768 3687 852 3742 quam
872 3668 1013 3743 praestitit.
1055 3669 1132 3726 Nam

233 3767 320 3824 quum
338 3749 372 3804 ab
393 3746 665 3804 Atheniensibuaet
682 3746 911 3814 Lacedaemoniis
926 3759 1133 3822 exposceretur

233 3827 357 3900 publice,
373 3826 533 3900 supplicem
557 3844 614 3881 non
637 3817 769 3900 prodidrt,
790 3827 964 3902 monuitque,
978 3837 1009 3882 ιιι
1029 3843 1119 3882 consu

1303 3859 1318 3886 d
