2646 4462
253 477 295 537 36
483 470 572 533 VIII.
599 477 625 533 1.
669 467 923 552 (Tltrospbulus.)

212 619 228 678 l
290 617 345 676 XI.
371 617 457 675 Hunc
467 615 807 690 infamatumaplerisqus
816 625 876 673 tres
886 615 1049 690 gravissimi
1057 614 1147 673 histo-

249 687 562 754 ricisurnmislaudibus
570 695 741 751 extulerunt:
758 687 1146 769 Thucydides,quiejusdern

251 774 341 830 aetatis
363 772 433 842 suit3
464 770 679 846 Theopompus,
693 771 741 845 qui
764 783 829 846 post
852 771 996 846 aliquanto
1009 784 1102 842 natus,
1117 782 1146 829 et

250 851 395 909 Timauo:
417 849 465 924 qui
486 849 600 923 quidem
620 849 675 906 duo
688 850 962 918 maledicentissimi,
976 851 1076 906 nescio
1091 855 1146 924 quo

209 928 344 998 2modo,
358 927 388 986 in
412 929 463 986 illo
475 946 532 986 uno
555 926 696 984 laudando
718 928 907 986 consciarum.
949 928 1079 1009 Namque
1101 948 1146 997 ea,

250 1024 311 1081 quae
326 1025 411 1081 supra
425 1005 558 1074 diximus,
577 1004 613 1061 de
630 1023 665 1062 eo
688 1006 883 1078 pradicarunt,
904 1015 987 1080 atque
1011 1006 1067 1063 hoc
1089 1025 1146 1063 am·

248 1084 341 1160 plius:
358 1101 443 1157 quum
451 1082 583 1151 Athenis,
593 1081 1047 1157 splendidissimacivitate,natus
1057 1095 1145 1154 esset,

211 1165 230 1220 3
250 1179 351 1219 omnes
367 1161 518 1236 splendore
530 1155 564 1217 ac
579 1159 714 1234 dignitate
730 1177 880 1234 superasse
895 1162 976 1229 vitre;
998 1174 1147 1237 postquam

250 1239 318 1297 inde
333 1240 469 1314 expulsus
484 1238 602 1294 Thebas
616 1236 735 1305 venerit,
747 1237 818 1292 adeo
832 1238 932 1295 studiis
943 1258 1041 1296 eorum
1054 1241 1146 1298 inser·

249 1317 339 1386 visse,
364 1328 395 1373 ut
415 1334 502 1374 nemo
522 1333 588 1372 eum
611 1315 707 1371 labore
723 1314 905 1388 corporisque
918 1318 1026 1374 viribus
1048 1329 1147 1393 posset

250 1396 424 1471 equiparare
439 1395 551 1470 (omnes
563 1392 639 1468 enim
655 1391 758 1448 Boeotii
772 1391 864 1465 magis
873 1393 995 1450 finnitati
1008 1397 1145 1472 corporis,

210 1474 230 1529 4
250 1489 334 1546 quam
348 1471 457 1546 ingenii
472 1470 596 1527 acumini
610 1469 779 1542 inserviunt)
791 1489 799 1536 ;
821 1469 952 1525 eumdem
966 1473 1039 1544 apud
1055 1475 1146 1531 Lacc-

251 1549 416 1616 daemonios,
440 1566 557 1622 quorum
580 1547 704 1604 moribus
721 1547 932 1602 summovimus
957 1548 986 1604 in
1008 1553 1146 1626 patientia

250 1626 416 1701 ponebatur,
431 1625 474 1698 sic
495 1625 605 1682 duritia
620 1642 652 1680 sa
667 1623 795 1692 dedisse,
813 1634 843 1680 ut
867 1625 1041 1698 parsimonie
1053 1629 1145 1687 victus

251 1711 334 1776 atque
350 1702 442 1759 cultus
457 1703 560 1760 omnes
572 1701 806 1759 Lacedaemonios
817 1702 964 1770 vincerem
985 1705 1101 1762 venisse
1111 1709 1147 1764 ad

251 1779 369 1848 Persas,
379 1781 453 1856 apud
461 1799 653 1860 quossumma
663 1781 726 1836 lans
736 1791 815 1836 esset
828 1779 937 1835 fortiter
948 1781 1057 1850 venari,
1068 1780 1147 1841 lu'xu·

210 1861 230 1914 5
250 1858 327 1914 riose
343 1857 458 1917 vivere:
480 1857 581 1914 horum
594 1859 637 1914 sic
652 1859 790 1914 imitatum
804 1858 1048 1928 consuetudinem,
1063 1872 1092 1915 ut
1103 1862 1146 1918 illi

250 1934 308 2012 ipsi
318 1953 384 1992 eum
394 1936 423 1992 in
434 1935 480 1992 his
491 1937 615 1993 maxime
622 1937 839 2004 admirarentur.
863 1936 973 2000 Quibus
985 1937 1069 1994 rebus
1080 1937 1149 1992 elle·

139 2063 148 2082 ,
251 2011 1149 2090 cisse,ut,apudquoscumqueesset,princopsponeretur,habe·

211 2091 231 2158 d
250 2101 382 2166 returquc
392 2092 567 2152 carissimus.
590 2093 651 2151 Sed
659 2092 771 2153 eatisde
781 2091 852 2162 hoc;
866 2091 1149 2166 reliquosordiamur.

561 2319 843 2332 v—-n—-u——n

248 2555 250 2560 .
349 2480 468 2556 vm.
517 2463 1048 2557 renueremus.

543 2807 852 2892 incensurum.
981 2897 982 2902 Ν

254 2927 349 3032 CAP'⁴
359 2971 385 3030 I.
401 2970 557 3032 Potriama
566 2977 695 3052 tyrannis
703 2971 869 3031 liberat-II
869 3017 875 3030 .
887 2971 998 3052 delen
1007 2955 1132 3050 confregit
1136 2995 1148 3042 ,-

287 3051 610 3130 Maayoltiamroccupan
626 3055 719 3130 parcit
737 3054 851 3108 civibus
893 3052 954 3110 III.
976 3051 1053 3108 Pace
1064 3051 1148 3128 facta

288 3131 374 3207 legem
386 3129 449 3206 sert
469 3131 621 3188 oblivionis.
663 3129 718 3186 IV.
748 3130 857 3186 Corona
877 3130 1003 3204 oleagina
1024 3141 1147 3185 ornatur.

204 3249 207 3256 ·
288 3208 338 3264 Aa
355 3208 482 3264 Ciliciam
496 3229 513 3262 0
528 3208 653 3262 barbaris
667 3207 839 3284 interficitur.

212 3350 228 3406 1
289 3345 315 3404 Ι.
356 3344 571 3421 Thrasybulus,
590 3343 665 3421 Lyci
688 3345 774 3414 filius,
797 3344 995 3406 Atheniensis.
1038 3345 1070 3401 Si
1095 3363 1149 3420 per

250 3443 284 3480 se
298 3423 387 3480 virtus
402 3421 465 3480 sine
490 3425 601 3480 fortuna
624 3423 808 3500 ponderanda
832 3421 878 3491 sit,
892 3422 999 3492 dubito,
1013 3442 1049 3480 an
1070 3423 1147 3480 hunc

244 3498 371 3634 ,primum
395 3501 519 3558 omnium
542 3519 655 3580 ponam.
696 3499 849 3559 Illud-sine
871 3499 973 3558 dubio:
1003 3518 1147 3558 nemmem

242 3647 245 3654 Ι
273 3577 319 3643 uic
343 3577 461 3652 praesero
486 3578 552 3647 fide,
577 3579 745 3648 constantia,
769 3579 963 3654 magnitudine
993 3579 1090 3649 animi,
1117 3579 1148 3636 iu

212 3661 231 3712 2
251 3653 371 3732 patriam
385 3673 490 3712 amore.
520 3655 595 3712 Nam
603 3656 677 3730 quod
691 3657 770 3713 multi
784 3658 942 3726 voluerunt,
956 3658 1041 3731 pauci
1049 3667 1147 3731 potue-

251 3743 324 3806 runt,
338 3732 373 3790 ab
387 3751 442 3790 uno
456 3744 576 3808 tyranno
596 3731 873 3810 patriamliberare;
894 3735 962 3791 huic
977 3735 1104 3808 contigit,
1118 3745 1148 3790 nt

253 3831 271 3868 a
283 3811 397 3887 triginta
410 3829 577 3888 oppressam
595 3813 723 3890 tyrannis
738 3832 775 3871 ex
788 3814 926 3872 servitute
946 3811 976 3870 in
989 3813 1147 3878 libertatem
