2646 4462
399 478 490 540 XIV.
521 487 567 540 ll.
610 481 794 560 (Datames.)
1023 493 1066 552 ὅθ

104 631 106 634 “
205 622 260 680 XI.
301 623 336 680 Id
359 643 444 698 quum
469 616 540 681 satis
564 644 597 682 se
623 626 809 686 confirmasse
835 629 987 690 arbitretur
1012 635 1104 703 orti

166 700 318 775 certiorem
341 701 411 758 lacit
433 701 592 772 Datamenr,
616 714 729 778 tempus
749 723 827 774 esse,
840 707 963 783 majores
984 727 1067 767 exer·

166 778 240 834 citus
262 779 366 853 parari,
387 789 416 836 et
438 781 546 837 bellum
565 799 631 838 cum
650 781 715 856 ipso
734 799 803 858 rege
824 785 951 859 suscipi3
972 785 1064 861 deque

166 875 203 912 ea
225 873 267 924 re,
290 857 317 912 si
339 857 368 912 ei
381 857 534 926 videretur,
558 877 613 933 quo
635 859 701 916 loco
721 860 819 930 vellet,
841 862 871 919 in
893 864 1065 938 colloquium

165 934 286 990 veniret.
317 934 439 992 Probata
451 953 493 1004 re,
508 937 690 1021 qolloquendi
702 948 814 1012 tempus
829 940 956 1011 sumitur,
969 941 1064 1000 locus·

55 1064 59 1069 ,
164 1029 229 1084 que,
256 1030 312 1086 quo
337 1013 546 1070 conveniretur.
600 1015 668 1072 Huc
696 1002 879 1074 nfiuridat‘ee
904 1036 970 1075 cum
996 1025 1101 1091 uno,2

164 1089 212 1146 cui
236 1090 389 1146 maximam
411 1090 533 1150 habebat
554 1092 649 1161 fidem,
670 1103 736 1149 ante
758 1094 864 1168 aliquot
888 1094 952 1152 dies
975 1099 1062 1168 venit,

47 1179 50 1184 '
164 1168 413 1243 compluribusque
437 1168 512 1225 locis
534 1171 689 1246 separatim
710 1171 822 1245 gladios
849 1173 950 1241 obruit,
971 1193 1061 1250 eaque

164 1246 230 1302 loca
257 1246 411 1321 diligenter
436 1257 523 1304 notat.
578 1250 647 1324 Ipso
674 1259 770 1306 autem
802 1250 985 1325 colloquendi
1014 1251 1062 1310 die

163 1324 284 1398 utrique,
311 1325 405 1380 locum
432 1325 480 1398 qui
507 1327 697 1401 explorarent,
724 1337 807 1402 atque
842 1328 921 1404 ipsos
955 1340 1062 1388 ecma-

162 1413 269 1471 rentur,
283 1413 403 1458 mittunt.
436 1402 550 1460 Deinde
562 1405 619 1480 ipsi
633 1415 698 1461 sunt
711 1405 870 1480 congressi.
903 1405 961 1463 llio
976 1424 1062 1480 quum
1081 1411 1099 1466 3

162 1480 336 1552 aliquamdiu
349 1481 379 1537 in
393 1481 536 1554 colloquio
549 1481 680 1554 luissent,
689 1494 718 1539 et
728 1483 836 1540 diversi
845 1483 1061 1554 discessissent,

162 1561 274 1636 jamque
284 1560 383 1633 procul
394 1559 532 1616 Datames
541 1561 672 1617 abesset:
695 1559 888 1631 Mithridates,
898 1563 1060 1638 priusquam

163 1636 200 1693 ad
223 1655 292 1693 suos
314 1637 486 1710 perveniret,
500 1656 537 1694 ne
561 1655 644 1712 quam
668 1639 863 1713 suspicionem
885 1651 1007 1714 pareret,
1029 1641 1061 1700 in

163 1714 295 1771 eumdem
309 1715 404 1771 locum
417 1715 575 1785 revertitur,
584 1727 667 1790 atque
681 1716 787 1784 ibi,ubi
801 1717 958 1776 telumerat
971 1718 1060 1796 impo-

161 1794 258 1861 situm,
272 1792 389 1861 resedit,
404 1805 434 1849 ut
447 1794 474 1849 si
490 1793 532 1870 [a]
548 1794 716 1851 lassitudine
725 1791 850 1870 ‘cuperet
863 1797 1059 1870 acquiescere,

162 1873 369 1945 Datamemque
390 1872 543 1940 revocavit,
557 1872 704 1941 simrdans,
719 1891 751 1928 se
766 1872 900 1947 quiddam
919 1874 951 1931 in
970 1875 1059 1931 collo·

160 1949 229 2024 quio
244 1968 312 2006 esse
327 1949 453 2006 oblitum.
496 1950 613 2007 Interim
626 1950 723 2019 telum,
733 1950 808 2024 quod
821 1950 936 2020 latebat,
944 1951 1059 2025 protulit
1078 1955 1097 2010 4

162 2028 351 2100 nudatumque
366 2028 469 2102 vagina
482 2038 562 2084 veste
584 2029 664 2097 texit,
678 2046 712 2084 ac
736 2027 851 2085 Datami
864 2028 991 2084 venienti
1010 2029 1058 2097 ait,

161 2106 373 2182 digredientem
396 2125 430 2162 se
445 2105 691 2176 animadvertisse,
713 2107 809 2162 locum
832 2103 991 2180 quemdam,
1010 2105 1059 2179 qui

159 2199 223 2241 erat
246 2184 278 2240 in
302 2194 468 2259 conspectu,
493 2183 530 2240 ad
551 2194 646 2240 castra
665 2183 798 2258 ponenda
822 2203 890 2242 esse
912 2182 1057 2240 idoneum.

160 2263 258 2328 Quem
282 2281 368 2336 quum
390 2261 480 2337 digito
500 2262 716 2342 demonstraret,
740 2272 770 2320 et
790 2261 840 2320 ille
866 2261 1057 2337 conspiceret,
1078 2265 1096 2320 5

161 2359 294 2398 aversum
307 2340 382 2398 ferro
395 2339 544 2410 transfixit,
552 2339 697 2416 priusque,
705 2358 790 2414 quam
802 2339 950 2415 quiequam
960 2348 1060 2416 posset

161 2438 340 2490 succurrere,
355 2418 507 2478 interfecit.
548 2418 593 2476 lta
611 2418 661 2476 illc
675 2419 727 2492 vir,
741 2418 790 2494 qui
808 2419 912 2476 multos
926 2418 1058 2486 oonsilio,

160 2498 307 2554 neminem
319 2497 441 2574 perfidia
453 2507 579 2574 ceperat,
592 2496 725 2556 simulata
738 2506 838 2576 captus
853 2505 899 2555 est
911 2496 1046 2556 amicitia.
