2646 4462
449 461 521 525 VII.
569 463 782 544 (Alcibiades.)
1021 470 1063 528 29

166 610 256 668 oratio
276 609 384 666 indicio
405 609 466 678 fuit,
479 629 540 684 quae
561 623 762 685 postmortem
783 614 813 670 in
835 613 919 670 domo
940 613 1003 689 ejus
1023 627 1096 670 rer

165 701 247 764 perta
262 700 315 757 est,
330 689 358 744 in
373 707 428 761 qua
449 689 551 744 suadet
566 689 800 758 Lacedaeuroniis,
817 703 854 758 ut,
871 692 951 765 regia
973 705 1067 766 potes·

166 779 224 823 tate
239 768 386 834 dissoluta,
402 787 439 823 ex
453 768 582 823 omnibus
598 769 655 824 dux
677 770 816 843 deligatur
837 769 871 825 ad
892 771 996 826 bellum
1018 789 1067 845 ge·

166 846 305 912 rendum;
328 846 379 902 sed
395 846 433 901 ita
447 846 563 920 scripta,
578 858 607 903 ut
621 848 737 904 deorum
752 849 894 904 videretur
909 867 1065 922 congruere

167 926 325 993 senteutiae,
340 939 423 997 quam
444 924 491 980 ille
511 944 544 980 sc
564 925 731 992 habitururn,
744 927 869 998 pecunia
890 926 989 994 fidene,
1009 945 1067 984 nou
1082 945 1107 997 ς

167 1003 320 1059 dubitabat.
371 1001 456 1058 Hauc
480 1003 509 1058 ei
531 1004 684 1078 scripsisse
709 1003 799 1060 Cleon
824 1005 1067 1064 Halicarnasseus

167 1082 316 1144 diciturne
358 1083 360 1090 '
422 1123 427 1127 -

174 1150 262 1216 HV.
285 1160 379 1232 Atque
401 1158 457 1215 hoc
480 1160 545 1236 ΙΨ)
566 1151 936 1240 Qffl-WQUQOE
960 1161 1103 1220 sactuml

169 1238 359 1306 Pharnabazi,
374 1239 496 1312 satripis
511 1240 591 1314 regii.
634 1239 661 1294 N
665 1259 711 1295 aur
725 1258 809 1312 quum
827 1239 976 1314 Lysander
996 1259 1068 1315 pra·
1112 1226 1120 1242 ⁹

168 1316 260 1372 sectus
275 1316 381 1372 classis
396 1318 424 1373 in
439 1317 515 1372 bello
526 1318 613 1373 multa
625 1317 927 1392 crudeliterarareque
939 1317 1067 1388 fecisset,

168 1395 260 1467 deque
274 1395 320 1450 his
335 1396 420 1451 rebus
435 1396 628 1474 Quat
645 1396 681 1457 ad
698 1397 778 1452 cives
800 1415 867 1452 suos
888 1415 955 1464 esse
977 1397 1082 1471 peria-¹

168 1483 236 1542 tupi,
250 1474 357 1548 petiita
372 1473 567 1542 Pharnabazo,
582 1485 611 1531 ut
627 1475 661 1529 ad
674 1474 796 1548 ephoros
808 1476 863 1530 sibi
876 1475 1078 1534 testimouium·

168 1551 258 1628 tieret,
291 1565 375 1622 napta
388 1552 541 1610 sanctitate
557 1554 660 1609 bellurn
676 1554 816 1626 gessisset
830 1555 981 1626 sociosque
995 1563 1067 1610 trac-

168 1641 267 1698 tasset,
303 1650 374 1703 eque
396 1651 431 1687 ea
451 1649 482 1686 re
504 1642 635 1688 accurate
657 1629 814 1718 scrffipiet‘t
839 1651 968 1706 magnam
991 1633 1067 1690 euim

169 1710 232 1783 ejus
247 1711 441 1766 auctoritatem
456 1710 486 1766 in
500 1729 534 1770 ea
549 1728 579 1766 re
591 1710 738 1776 suturam*
764 1709 841 1782 Huic
853 1710 901 1766 ille
913 1711 1068 1768 liberaliter
1086 1715 1106 1768 2

169 1788 337 1863 Qllioeitlrt
359 1789 459 1847 librum
474 1807 590 1862 gravem
610 1790 703 1844 multis
723 1789 816 1844 verbis
838 1789 1017 1862 conscripsit,
1038 1789 1068 1846 in
1121 1805 1128 1827 t

167 1887 224 1941 quo
238 1869 355 1944 saturnis
377 1886 442 1922 eum
466 1865 520 1923 sert
542 1868 681 1947 laudibus.
725 1868 819 1932 Quem
841 1886 925 1940 quum
948 1856 1095 1945 legissets

169 1948 381 2021 probassetque,
402 1945 467 2014 duni
490 1946 624 2020 sigtratun
646 1947 762 2002 alterum
783 1946 844 2019 pari
865 1943 1067 2018 magnitudine,

170 2026 260 2104 [tanta
286 2022 493 2099 similitudina]
517 2035 545 2080 ut
567 2025 693 2080 discerni
716 2042 774 2079 non
797 2034 904 2098 posset,
928 2023 1068 2097 signatum

73 2111 80 2121 ’
167 2103 299 2178 subjecit,
310 2104 338 2160 iu
347 2122 401 2176 quo
410 2103 626 2163 accuratissime
638 2104 699 2176 ejus
708 2102 853 2158 avaritiam
865 2101 1068 2176 perfidiamque
1168 2113 1171 2119 '

169 2193 326 2238 accusarat.
369 2181 446 2248 Hinc
459 2182 610 2256 Lysander
625 2181 735 2238 domurn
751 2198 835 2254 quum
850 2179 980 2247 redisset,
992 2189 1068 2253 post·
1089 2182 1113 2236 3.

168 2260 302 2334 quamde
318 2261 378 2316 suis
393 2262 477 2318 rebus
492 2261 581 2335 gestis
597 2257 670 2336 apud
692 2259 844 2316 maximum
866 2258 1068 2332 magistratum,

168 2355 230 2412 quae
246 2339 378 2408 voluerat,
393 2339 512 2408 dixerat,
527 2340 681 2396 testimonii
700 2339 766 2395 loco
784 2337 884 2394 librum
904 2356 921 2392 a
940 2336 1069 2393 Pharna·

169 2418 242 2472 bazo
262 2417 357 2473 datum
376 2418 498 2474 tradidit.
543 2418 638 2486 Hunc,
654 2428 797 2474 summoto
810 2414 970 2490 Lysandro,
984 2432 1069 2488 quum

169 2494 269 2568 ephori
294 2507 476 2570 cognossent,
500 2496 556 2571 ipsi
582 2497 734 2570 legendum
759 2495 906 2564 dederunt.
949 2494 994 2551 Ita
1018 2491 1068 2549 ille

169 2572 334 2648 impruden-s
349 2573 411 2650 ipse
427 2593 496 2630 suus
511 2575 737 2632 suitaccusator.
1074 2577 1079 2585 ⁴
1111 2579 1117 2590 '

516 2755 764 2772 ——q——a

350 2885 458 2961 vri.
509 2853 933 2960 trutannus.

584 3040 703 3058 --

598 3071 602 3080 t

438 3117 444 3127 ’
482 3122 803 3207 ΑΒΕυΜΕΝΤυΜζ

174 3280 272 3339 ΟΑΡ.’
284 3284 310 3340 Ι.
332 3284 482 3342 Excellens
501 3286 531 3340 in
551 3281 700 3340 virtutibus
720 3293 746 3338 et
759 3283 845 3337 oitiis.
886 3276 931 3337 II.
952 3275 1071 3336 Iuvenis

208 3361 332 3418 educatio
345 3373 371 3417 et
385 3381 483 3418 mores.
525 3359 586 3418 III.
608 3362 676 3418 Duc
689 3371 784 3418 contro
801 3359 1002 3434 Syracusanos.
1033 3355 1070 3415 In

209 3442 389 3514 suspicionem
403 3442 502 3496 civium
515 3459 626 3496 suorum
640 3440 746 3496 incidit.
786 3436 806 3494 I
809 3437 842 3492 V,
864 3436 981 3503 Domum
994 3457 1070 3494 reuo-

209 3528 289 3574 cutus
298 3517 418 3593 aufugit.
441 3517 657 3574 Lucedcmoniis
667 3518 790 3584 inseruit,
801 3526 1072 3590 utquconnecontru

206 3599 328 3670 patriam
352 3598 434 3671 cupit.
489 3595 522 3651 V.
558 3594 771 3652 Lacedaemoniis
797 3604 941 3670 suspectus
966 3596 1069 3650 transit

209 3675 246 3728 ad
259 3673 387 3740 Persus;
409 3673 625 3730 Atheniensibus
637 3674 836 3728 reconciliatur.
883 3671 934 3727 VI.
956 3671 1069 3744 insigni

209 3754 306 3808 ciuium
318 3752 501 3808 benevolentia
512 3754 651 3828 recipitur.
685 3750 726 3806 VI
729 3750 754 3806 I.
770 3749 806 3805 In
816 3749 949 3806 invidiam
962 3747 1067 3802 recidit.

209 3828 246 3886 ln
263 3829 387 3887 Thracio
399 3849 532 3907 prospere
547 3841 665 3964 puggrpt.
718 3826 807 3884 VIII.
833 3825 950 3881 Civibus
963 3825 1069 3882 Atticis
