2646 4462
427 422 468 485 11.
505 429 581 499 er.
617 423 879 503 (mutare.)
1064 430 1104 488 17

201 581 254 642 ret,
278 569 382 628 eidem
407 569 503 626 minus
527 569 629 628 diebus
653 569 769 646 triginta
792 571 823 628 in
844 570 946 628 Asiam
968 588 1103 629 reversus

202 663 249 718 est
262 668 352 724 seque
367 668 385 705 a
399 648 598 706 Themistocle
613 654 671 705 n'ou
690 661 864 724 superatum,
879 649 932 706 sed
950 665 1104 708 conserve·

201 738 261 786 turn
278 727 427 804 judicavit.
454 727 505 784 Sic
520 727 604 784 unius
619 727 673 784 viri
687 728 838 802 prudentia
853 728 968 786 Graecia
982 727 1104 786 liberata
1123 732 1142 787 3

202 817 257 876 est,
280 807 462 881 Europaeque
484 807 635 862 succubuit
649 805 730 862 Asia.
772 807 846 864 Haec
868 807 957 863 altere
973 807 1103 878 victoria,

201 904 264 960 quae
284 903 350 941 cum
371 884 554 942 Marathonio
576 885 669 958 possit
691 886 849 960 comparari
868 896 986 974 tropaeo.
1027 886 1104 943 Nem

201 982 265 1038 perr
257 963 363 1020 modo
374 963 450 1038 apud
464 963 613 1019 Salamina
626 981 714 1038 parvo
725 982 843 1020 numero
853 965 969 1021 navium
978 963 1104 1020 maxima

200 1053 268 1116 post
281 1041 439 1098 homiuum
440 1041 615 1098 memoriam
622 1041 728 1098 classis
743 1052 788 1098 est
802 1042 925 1098 devicta.

242 1119 295 1177 VI.
318 1120 443 1194 Magnus
454 1120 510 1177 hoc
521 1121 598 1177 bello
607 1119 823 1178 Themistocles
835 1120 896 1190 fuit,
904 1139 959 1177 nec
970 1120 1062 1178 minor
1072 1120 1103 1178 in
1125 1124 1139 1180 1

201 1217 285 1273 pace.
312 1199 408 1263 Quum
418 1197 497 1254 enim
507 1197 662 1255 Phalerico
673 1210 764 1274 portu,
775 1218 869 1273 neque
880 1216 984 1274 magno
1043 1230 1082 1269 473

201 1295 295 1352 neque
314 1278 399 1347 bono,
415 1276 613 1334 Athenienses
632 1288 794 1336 uterentur:
817 1276 901 1352 hujus
917 1296 984 1344 con·
1021 1279 1105 1318 ⁸⁰·ss

202 1355 268 1412 silio
282 1356 387 1430 triplex
403 1355 525 1413 Piraeei*
540 1365 637 1429 portus
652 1356 823 1412 constitutus
838 1367 891 1426 est,
906 1355 990 1432 isque
1004 1354 1103 1412 motui-

202 1435 255 1490 bus
270 1434 472 1503 circumdatus,
487 1444 518 1490 ut
533 1433 626 1508 ipsam
639 1435 739 1490 urbem
753 1433 890 1509 dignitate
906 1434 1103 1510 equipararet,

202 1511 323 1570 utilitate
338 1523 497 1587 superaret.
540 1511 621 1568 Idem
634 1526 730 1568 muros
745 1511 966 1570 Atheniensium
979 1511 1103 1569 restituit
1122 1516 1141 1568 2

202 1592 348 1666 praecipuo
358 1591 489 1666 periculo
501 1608 564 1646 suo.
605 1590 738 1666 Namque
751 1591 974 1662 Lacedaemonii,
986 1609 1103 1648 causum

203 1667 337 1726 idoneam
363 1670 442 1726 nacti
467 1680 585 1746 propter
611 1670 792 1726 barbarorum
821 1671 1019 1739 excursiones,
1047 1687 1104 1746 que

202 1760 350 1823 negarent,
373 1759 504 1824 oportere
530 1759 611 1804 extra
636 1747 871 1823 Peloponnesum
893 1750 981 1807 ullam
1004 1749 1104 1805 urbem

202 1825 319 1896 habere,
334 1847 372 1884 ne
387 1839 486 1883 essent
502 1827 568 1884 loca
582 1827 699 1895 munita,
713 1845 776 1900 quae
794 1825 895 1884 hostes
909 1827 1102 1902 possiderent,
1173 1845 1177 1853 ’

202 1906 400 1962 Athenienses
423 1906 599 1962 aedificantes
624 1905 776 1980 prohibere
801 1917 868 1963 sunt
889 1907 994 1962 conati.
1036 1905 1102 1962 Hoc
1124 1907 1141 1960 3

201 1985 288 2060 longe
301 1983 358 2040 alio
369 1985 526 2058 spectabat,
538 1995 622 2058 atque
631 1983 723 2040 videri
731 1985 875 2040 volebant.
906 1982 1103 2042 Athenienses

202 2064 281 2120 enim
296 2061 405 2118 duabus
419 2061 557 2131 victoriis,
572 2061 754 2119 Marathonii
768 2074 797 2118 et
815 2062 982 2131 Salaminii,
996 2071 1104 2118 tautum

202 2140 323 2215 gloriam
339 2140 413 2216 apud
427 2159 526 2197 omnes
542 2152 643 2215 gentes
653 2151 736 2196 erant
747 2139 905 2209 consecuti,
916 2151 947 2197 ut
960 2139 1103 2215 intellige-

201 2232 265 2276 rent
280 2217 504 2290 Lacedaemonii‚
519 2219 555 2276 de
569 2220 730 2294 principatu
744 2220 800 2277 sibi
814 2237 880 2276 curn
896 2219 942 2276 his
958 2229 1104 2276 certarnen

201 2298 272 2356 sore.
315 2299 413 2364 Quare
442 2317 494 2355 eos
519 2317 604 2373 quam
631 2297 841 2356 infirmissimos
869 2317 937 2355 esse
959 2299 1142 2355 volebant4

203 2377 359 2452 Postquam
394 2389 490 2434 autem
523 2377 681 2446 audierunt,
714 2396 811 2434 muros
845 2377 956 2446 instrui,
990 2377 1103 2452 legatos

202 2455 333 2514 Athenas
347 2456 495 2524 miserunt,
509 2456 558 2531 qui
577 2456 607 2512 id
625 2455 689 2512 lieri
703 2465 843 2513 vetarent.
885 2456 942 2512 His
956 2455 1103 2530 praesenti·

202 2535 255 2592 bus
270 2535 426 2604 desierunt,
442 2553 524 2590 sose
539 2534 575 2590 de
591 2553 627 2590 ea
643 2553 674 2590 re
696 2535 808 2610 legatos
831 2534 868 2590 ad
889 2553 941 2590 eos
963 2534 1103 2590 missuros

203 2611 345 2670 dixerunt.
386 2612 471 2678 Hanc
494 2613 669 2688 legationem
690 2613 820 2688 suscepit
834 2611 1060 2680 Themistocles,
1075 2615 1142 2666 eto

203 2690 282 2750 solus
296 2691 387 2780 primo
400 2691 547 2766 profectus
562 2703 625 2760 est;
646 2692 749 2766 reliqui
763 2692 851 2766 legati
865 2702 968 2748 utrum
982 2689 1103 2778 exirent,

202 2789 289 2859 quum
303 2770 374 2826 satis
392 2770 510 2826 altitudo
528 2770 602 2826 muri
621 2781 766 2827 exstructa
778 2769 932 2840 rideretur,
947 2768 1102 2846 praecepit3

202 2847 317 2906 interim
330 2857 441 2917 omnes,
456 2849 533 2905 servi
551 2859 634 2923 atque
655 2848 748 2938 liberi,
763 2868 834 2924 opus
856 2814 985 2906 faceient
987 2865 1102 2923 ,neque

202 2926 255 2982 ulli
278 2927 344 2982 loco
364 2938 526 3016 parcerent,
540 2927 602 2983 sive
618 2942 711 2995 sacer,
725 2927 787 2983 sive
809 2927 1032 3002 profanus,s1ve
1046 2925 1103 3002 pri·

202 3015 286 3061 ratus
310 3016 397 3074 esset,
421 3007 483 3062 sive
506 3005 649 3080 publicus,
672 3015 701 3060 et
722 3004 857 3078 undique,
871 3005 947 3079 quod
967 3005 1103 3060 idoneum

203 3069 240 3139 id
254 3049 437 3141 muniendum
451 3093 592 3159 putarent,
607 3094 806 3157 congererent.
849 3083 914 3147 Quo
928 3081 1103 3150 factumest,

201 3161 539 3220 utAtheniensiummuri
549 3179 586 3218 ex
594 3161 713 3219 sacellis
722 3162 921 3237 sepulcrisque
929 3169 1101 3217 constarent.

242 3241 311 3298 Vll.
334 3240 551 3298 Themistocles
574 3251 678 3311 autem,
700 3251 730 3297 ut
754 3240 994 3298 Lacedaemonem
1014 3237 1103 3309 yenit,
1125 3241 1140 3296 1

201 3318 281 3376 adire
293 3319 330 3376 ad
340 3320 522 3395 magistratus
533 3320 633 3389 noluit,
642 3330 671 3376 et
681 3319 761 3376 dedit
770 3338 895 3394 operam,
906 3329 937 3377 ut
947 3337 1032 3394 quam
1041 3318 1103 3376 lou·

202 3397 322 3472 gissime
334 3408 447 3474 tempus
459 3398 586 3467 duceret,
598 3417 714 3454 causam
724 3397 921 3472 interponens,
930 3417 963 3455 se
975 3399 1103 3473 collegas

203 3487 385 3550 exspectare,
395 3496 481 3551 quum
490 3476 704 3533 Lacedaemonii
714 3488 909 3550 quererentur,
919 3495 991 3552 opus
999 3477 1103 3534 nihilo-

201 3554 296 3612 minus
319 3555 392 3624 fieri,
416 3572 537 3631 eumque
561 3556 591 3611 in
605 3575 641 3611 ea
658 3573 690 3610 re
711 3555 809 3611 conari
831 3555 942 3613 fallere.
984 3556 1141 3613 Interim2

202 3632 307 3707 reliqui
323 3632 412 3707 legati
427 3645 493 3690 sunt
507 3633 666 3690 consecuti.
708 3634 735 3690 A
748 3634 850 3709 quihus
865 3653 951 3709 quum
965 3635 1103 3702 audisset,

201 3727 261 3766 non
278 3711 398 3768 multum
412 3731 568 3786 superesse
585 3712 761 3782 munitionis,
775 3713 811 3770 sd
826 3712 950 3788 ephoros
966 3710 1103 3768 Laceda-
