2646 4462
498 433 523 494 1.
547 437 577 493 4.
600 431 801 512 (Mirrada.)
1057 439 1091 496 11

138 598 141 602 ·
189 578 295 654 oppida
315 577 423 637 tuenda
446 577 621 646 tradidisset,
645 577 757 652 quibus,
782 597 816 634 se
840 595 989 654 oppresso,
1013 577 1093 637 nulla

190 651 263 732 spes'
281 655 382 712 salutis
405 653 620 730 relinqueretur.
669 655 702 712 ln
729 654 785 711 hoc
813 654 866 712 fuit
891 666 950 714 tum
973 673 1093 716 numero

191 733 349 803 Miltiades,
361 733 408 790 cui
419 735 469 790 illa
484 733 614 790 custodia
628 733 807 807 crederetur(
835 733 894 792 Hic
903 750 990 810 quum
1000 734 1093 792 crebri
1113 737 1132 792 3

190 813 326 870 afferrent
339 813 440 880 nuntii,
454 812 528 868 male
548 830 609 867 rem
631 829 733 886 gerere
755 811 882 882 Darium,
896 813 1042 888 premique
1057 813 1094 870 ab

192 890 322 965 Scythis,
337 889 485 948 Miltiades
500 889 626 946 hortatus
643 900 688 945 est
701 889 795 964 pontis
807 889 952 966 custodes,
962 910 999 948 ne
1012 890 1053 948 as
1082 922 1094 939 .-

190 979 258 1027 tuna
277 969 372 1033 datam
389 967 577 1043 ,occasionem
595 966 751 1024 liberandae
775 967 894 1026 Gracia
911 968 1094 1026 dimitterent.

192 1047 273 1104 Nam.
290 1046 316 1102 si
340 1065 405 1104 cum
431 1043 478 1102 his
501 1045 604 1119 copiis,
626 1064 697 1120 quas
725 1063 826 1102 secum
846 1047 1135 1122 transportaverat,4

191 1124 340 1184 interisset
361 1123 476 1194 Darius,
490 1139 549 1180 non
569 1121 662 1180 solum
684 1121 831 1198 Europam
851 1121 911 1181 sore
931 1134 1028 1194 tutam,
1043 1123 1097 1182 sed

193 1203 278 1259 etiarn
293 1221 355 1271 eos,
369 1203 416 1276 qui
430 1201 532 1258 Asiam
546 1202 707 1260 incolerent
718 1199 814 1257 Graeci
828 1220 945 1276 genere,
958 1203 1065 1259 liberos
1079 1221 1097 1260 a

194 1280 346 1338 Persarum
360 1280 468 1348 futuros
489 1279 682 1336 dominatione
697 1288 726 1335 et
737 1278 878 1354 periculo.
919 1279 953 1336 Id
967 1290 997 1337 et
1009 1279 1096 1336 facile

194 1358 270 1414 effici
290 1356 396 1433 poss'e3
417 1369 504 1432 ponte
527 1357 604 1414 enirn
623 1356 763 1426 rescisso,
784 1375 883 1432 regem
902 1359 950 1414 vel
971 1356 1097 1414 hostium

193 1436 277 1512 ferro,
290 1437 337 1493 vel
348 1436 445 1510 inopia
456 1435 558 1510 paucis
573 1433 675 1512 diebus
689 1435 875 1492 interiturum.
910 1432 956 1492 Ad
964 1433 1020 1492 hoc
1030 1453 1097 1492 con·-
1117 1439 1136 1492 5

195 1514 290 1571 silium
303 1534 389 1588 quum
402 1513 532 1589 plerique
548 1513 731 1582 accederent,
746 1511 886 1570 Histiaeus
902 1513 1048 1582 Milesius,
1058 1532 1097 1570 ue

193 1611 241 1648 res
261 1594 458 1660 conficeretur,
482 1591 600 1659 obstitit,
624 1589 744 1649 dicens:
766 1609 825 1653 non
846 1588 925 1648 idem
944 1591 1027 1666 ipsis,
1048 1591 1097 1670 qui

194 1689 318 1727 summas
333 1669 447 1744 imperii
461 1678 603 1738 tenerent,
618 1667 755 1744 expedire
776 1679 804 1732 et
822 1669 1004 1740 multitudini,
1022 1669 1098 1746 quod

195 1747 277 1805 Darii
290 1767 379 1823 regno
394 1747 521 1822 ipsorum
541 1747 678 1804 niteretur
692 1747 864 1816 dominatio;
885 1765 940 1824 quo
955 1741 1098 1806 castineto

194 1827 274 1902 ipsos
295 1836 437 1900 potestate
461 1825 599 1900 expulsos
622 1825 733 1882 civibus
762 1825 822 1882 suis
847 1845 950 1902 poenas
973 1826 1096 1884 daturos.

194 1905 293 1978 Itaque
316 1903 389 1960 adeo
404 1923 437 1961 se
455 1902 608 1960 abhorrere
623 1922 640 1959 a
654 1913 814 1959 ceterorum
835 1903 968 1972 consilio,
981 1914 1012 1964 ut
1025 1903 1098 1960 nihil

193 1993 274 2058 putet
292 1981 365 2057 ipsis
386 1981 494 2050 utilius,
508 1999 592 2054 quam
614 1980 774 2037 confirmari
793 2000 913 2056 regnum
935 1982 1097 2038 Persarum.

115 2123 117 2128 ,
194 2061 291 2136 Hujus
306 2078 392 2134 quum
406 2060 577 2115 sententiam
590 2058 705 2134 plurimi
716 2069 815 2116 essent
825 2057 929 2128 secuti,
940 2059 1098 2128 Miltiades,
1119 2061 1138 2115 6

194 2157 252 2196 non
267 2137 410 2207 dubitans,
418 2148 476 2194 tam
489 2137 585 2194 multis
601 2135 728 2193 consciis
741 2137 776 2193 ad
790 2135 869 2213 regis
881 2155 966 2213 aures
977 2136 1100 2211 consilia

195 2237 248 2274 sua
261 2226 443 2291 perventura,
454 2213 670 2274 Chersonesum
682 2215 805 2290 reliquit,
817 2235 851 2272 ac
863 2234 960 2289 rursus
970 2213 1099 2273 Athenas

196 2295 374 2372 demigravit.
416 2294 507 2370 Cujus
528 2293 599 2362 ratio
621 2293 676 2352 etsi
692 2312 750 2350 non
763 2293 861 2363 valuit,
875 2303 970 2351 tamen
983 2311 1099 2372 magno·

195 2392 265 2450 pere
280 2383 325 2430 est
338 2371 490 2440 laudanda,
503 2387 590 2446 quum
605 2371 724 2428 amicior
734 2369 860 2430 omnium
873 2371 1006 2451 libertati,
1015 2389 1100 2446 quarn

102 2501 106 2508 .
196 2471 255 2531 suae
268 2451 354 2508 suerit
368 2449 562 2520 dominationi.

236 2529 289 2586 tv.
307 2529 412 2586 Darius
427 2539 625 2601 autem,‘quum
636 2545 673 2584 ex
683 2527 800 2602 Europa
810 2525 840 2586 in
854 2527 955 2588 Asiam
965 2517 1099 2601 redisset,
1122 2531 1137 2584 1

195 2578 372 2664 hortantibus
388 2604 499 2676 amicis,
507 2617 538 2661 ut
550 2606 693 2663 Graeciam
707 2605 853 2681 redigeret
866 2606 896 2662 in
910 2623 991 2662 suam
1004 2616 1100 2680 potes·

196 2695 292 2754 tatem,
307 2681 433 2742 classem
447 2685 665 2759 quingentarum
685 2683 799 2740 navium
813 2702 877 2740 corn
899 2683 998 2752 aravit,
1016 2683 1099 2757 eique

198 2764 296 2841 Datim
309 2761 438 2839 prefecit
452 2772 481 2819 et
501 2761 729 2836 Artaphernem3
750 2761 854 2835 hisque
875 2703 1000 2818 ducenta
1019 2760 1100 2836 pedi-

197 2852 266 2910 tum,
283 2842 386 2898 decem
408 2839 488 2897 milia
509 2841 634 2914 equitum
654 2839 756 2896 dedita
773 2858 892 2896 causam
914 2839 1101 2906 interserens,

198 2939 232 2976 se
243 2917 356 2976 hostem
371 2937 437 2984 esse
448 2917 684 2985 Atheniensibus,
693 2915 768 2990 quod
782 2913 881 2972 eorum
895 2916 1001 2983 auxilio
1011 2913 1100 2972 lones

199 2997 301 3053 Sardis
311 3006 533 3071 expugnassent,
546 3012 653 3066 suaque
663 2991 798 3068 praesidia
808 2973 1100 3068 interfecisseut'7lillli
1119 2997 1138 3048 2

197 3074 326 3150 praefecti
340 3074 423 3149 regii,
435 3075 530 3146 classe
547 3072 583 3131 ad
598 3071 738 3128 Euboeam
747 3070 876 3146 appulsa,
886 3070 1020 3146 celeriter
1029 3069 1101 3126 Ere·
1121 3104 1124 3110 ‚

197 3153 280 3210 triam
295 3163 441 3228 ceperunt,
455 3170 611 3224 omnesque
633 3149 696 3226 ejus
717 3147 811 3224 gentis
826 3147 907 3204 cives
922 3149 1057 3226 abreptos¹
1069 3145 1102 3214 in

199 3231 299 3288 Asiam
312 3229 350 3286 ad
363 3248 463 3305 regem
482 3229 630 3285 miseruut.
672 3227 743 3286 Inde
765 3226 801 3283 ad
821 3225 946 3282 Atticam
967 3242 1101 3301 accesse-

198 3319 270 3377 runt,
285 3328 319 3364 ac
335 3327 402 3364 suas
417 3307 516 3382 copias
532 3307 561 3364 in
581 3325 712 3382 campum
732 3303 903 3362 Marathona
913 3304 1100 3382 deduxerunt.

156 3423 159 3436 ·
198 3387 229 3444 ls
244 3388 326 3443 abest
340 3385 375 3442 ab
390 3385 496 3460 oppido
513 3383 629 3441 circiter
642 3383 722 3440 milia
734 3402 872 3458 passuum
886 3382 997 3441 decern.
1033 3375 1100 3450 Hoc
1121 3385 1142 3438 3

197 3465 318 3520 tumultu
332 3462 530 3519 Athenienses
544 3471 603 3517 tam
621 3460 778 3537 propinquo
792 3471 905 3535 tamque
919 3479 1023 3538 magno
1035 3479 1101 3538 per·

197 3541 266 3598 moti
281 3541 419 3606 auxilirun
428 3558 577 3615 nusquam,
589 3539 645 3595 nisi
657 3537 921 3614 aLacedaemoniis,
929 3539 1100 3614 petiverrmt,

199 3617 459 3694 Phidippidemque
481 3635 626 3674 cursorem
646 3617 708 3692 ejus
730 3617 917 3693 generiS,qui
937 3610 1100 3694 ἡμὲςοδςόμοι

153 3707 154 3714 ’
197 3707 346 3764 vocantur,
369 3695 607 3753 Lacedaemonem
628 3695 775 3763 miserrmt,
797 3705 828 3750 ut
846 3693 996 3761 nuntiaret,
1017 3709 1102 3766 quam

199 3773 289 3831 celeri
300 3793 372 3848 opus
385 3785 465 3832 esset
473 3771 589 3830 auxilio.
612 3771 801 3855 Domiautem
811 3781 910 3826 creant
920 3769 1100 3844 decemprts·
1121 3772 1139 3825 t
