2646 4462
522 439 563 502 X.
607 440 730 520 (Dion.)
1034 443 1071 498 41

172 586 347 645 reficiendos
370 580 458 654 curat,
479 585 667 660 pecuniaeque
692 585 896 660 quinquaginta
915 593 956 639 ta·
1006 609 1043 648 ³9³

172 666 260 733 lenta,
274 683 336 739 quae
351 683 368 720 a
389 662 576 720 Pharnabazo
591 675 752 737 acceperat,
767 664 878 719 civibus
896 663 957 718 suis
981 663 1002 698 ⁸³
1015 661 1038 698 ⁰·
1051 670 1073 698 ¹¹·

174 743 269 799 donat.
750 739 755 751 ’

214 821 250 876 V.
285 819 402 876 Accidit
416 818 493 888 huic,
507 819 582 894 quod
596 819 703 876 ceteris
715 820 890 888 mortalibus,
904 827 935 875 ut
950 820 1077 877 inconsi·
1099 825 1113 880 l

174 898 297 955 deratior
324 899 355 954 in
379 897 515 966 secunda,
539 915 624 971 quam
650 897 681 954 in
706 897 827 954 adversa
850 909 931 953 esset
954 897 1075 955 fortuna.

174 977 249 1032 Nam
265 978 362 1033 classe
388 975 664 1050 Peloponnesiorum
688 975 802 1031 devicta
826 977 921 1049 quum'
934 977 1023 1032 ultum
1042 995 1075 1034 so

173 1054 292 1130 injurias
314 1054 413 1128 patriae
435 1065 556 1128 putaret,
568 1054 650 1127 plura
665 1053 839 1127 concupivit,
854 1073 938 1128 quam
959 1054 1075 1111 efficere

172 1134 272 1206 potuit.
314 1132 417 1205 Neque
431 1143 526 1188 tamen
542 1151 578 1188 ea
590 1149 649 1190 non
670 1131 719 1206 pia
734 1143 762 1187 et
785 1131 931 1206 probanda
953 1130 1074 1201 suerunt,
1094 1137 1113 1190 2

172 1211 248 1283 quod
271 1211 366 1286 potius
394 1211 493 1284 patriae
517 1228 589 1284 opes
618 1209 726 1284 augeri,
751 1228 835 1284 quam
862 1209 940 1284 regis
966 1211 1075 1266 maluit.

174 1289 250 1344 Nam
263 1307 347 1362 quum
362 1305 494 1364 magnam
509 1287 706 1344 auctoritatem
719 1287 774 1344 sibi
796 1306 891 1362 pugna
905 1285 956 1343 illa
969 1288 1075 1356 navali,

173 1385 257 1439 quam
281 1367 356 1441 apud
381 1365 505 1423 Cnidum
528 1366 646 1435 iecerat,
671 1365 877 1434 constituisset,
901 1385 957 1422 non
983 1367 1077 1422 solum

172 1445 246 1500 inter
259 1446 404 1513 barbaros,
419 1445 572 1509 sedetiam
586 1462 686 1500 omnes
709 1443 830 1500 Graeciae
845 1444 986 1512 civitates,
1001 1444 1076 1501 clam

173 1522 240 1579 dare
265 1541 382 1597 operam
407 1523 502 1596 coepit,
524 1534 555 1578 ut
577 1523 687 1578 Ioniam
708 1533 737 1578 et
761 1521 888 1578 AEoliam
912 1523 1076 1580 restitueret

173 1601 409 1657 Atheniensibus.
437 1601 485 1658 ld
499 1619 585 1676 quum
599 1601 693 1656 minus
717 1600 871 1676 diligenter
895 1612 975 1657 esset
997 1601 1074 1658 cela·
1095 1603 1113 1658 3

172 1690 239 1747 tum,
249 1679 412 1748 Tiribazus,
420 1679 470 1752 qui
482 1678 619 1735 Sardibus
634 1687 762 1754 praerat,
774 1680 922 1735 Cononem
934 1681 1074 1749 evocavit,

172 1757 321 1825 simulans,
336 1757 372 1814 ad
386 1776 484 1832 regem
499 1777 564 1814 eum
585 1775 617 1814 so
632 1758 743 1813 mittere
758 1757 835 1813 velle
853 1777 956 1832 magna
1005 1789 1042 1828 m

172 1835 208 1891 de
222 1853 264 1891 re.
307 1835 401 1911 Hujus
421 1835 520 1892 nuntio
540 1854 646 1911 parens
668 1854 754 1910 quum
767 1835 905 1904 venisset,
926 1837 956 1893 in
981 1847 1001 1877 ¹·
1013 1835 1037 1876 ⁰·
1053 1848 1074 1876 ¹¹·

171 1913 287 1969 vincula
302 1915 449 1989 conjectus
471 1926 525 1982 est,
545 1913 691 1989 inquibus
707 1914 879 1986 aliquamdiu
900 1913 961 1970 fuit.
1002 1914 1073 1970 Inde
1095 1917 1114 1970 4

170 1991 301 2046 nonnulli
316 2009 381 2048 eum
395 1991 431 2050 ad
451 2011 550 2067 regem
564 1992 725 2060 abductum,
739 1992 835 2064 ibique
856 1992 969 2066 perisse
984 1991 1075 2066 scrip·

171 2079 230 2124 tum
243 2070 427 2142 reliquerunt.
463 2070 576 2150 xContra
590 2089 626 2126 ea
652 2071 749 2126 Dinon
773 2069 937 2138 historicus,
953 2065 999 2125 cui
1020 2087 1074 2126 nos

170 2145 323 2219 plurimum
332 2148 368 2204 de
382 2149 510 2205 Persicis
524 2150 609 2206 rebus
620 2147 774 2216 credimuS,
783 2148 932 2224 effugisse,
942 2146 1072 2223 scripsit:

171 2223 243 2358 illupl
264 2224 417 2296 addubitat,
431 2238 523 2283 utrum
543 2227 679 2285 Tiribazo
694 2227 815 2297 sciente,
838 2245 875 2284 an
895 2225 1074 2303 imprudente

172 2311 211 2357 fili
235 2313 338 2360 actum.

471 2686 532 2766 x.
592 2687 778 2789 arou.

468 3029 779 3092 ARGUMENTUM.

174 3169 271 3230 OAP.
295 3171 322 3231 I.
353 3171 552 3252 Dionysiorum
564 3175 656 3309 ‹pffinis
669 3185 696 3231 et
709 3175 832 3230 intimas.
874 3170 918 3230 II.
940 3171 1074 3230 Platonis

211 3251 363 3328 discipulas
374 3263 401 3309 et
412 3255 525 3309 amicas.
585 3252 628 3310 II.
646 3251 893 3322 SimultasDionis
903 3263 930 3308 et
940 3250 1074 3328 Dionysii

203 3330 337 3404 junioris.
378 3329 399 3386 I
401 3329 622 3387 V.'Gorintlram
638 3333 785 3388 devehitur.
826 3331 903 3404 Ejus
914 3330 999 3410 filias
1008 3351 1072 3406 pes·

210 3409 277 3463 sime
291 3408 431 3464 edacatar.
477 3409 511 3463 V.
536 3408 739 3485 Syracusarum
752 3411 861 3485 potitus
875 3419 1022 3485 tyrannam
1036 3409 1074 3465 ad

205 3487 349 3561 pactiones
363 3486 461 3562 adigit.
508 3487 559 3542 VI.
580 3486 742 3544 Heraclidis
766 3487 835 3543 cede
853 3488 985 3563 populum
1004 3507 1072 3544 ase

210 3563 322 3620 aliena.
355 3564 425 3620 VII.
451 3564 601 3644 Tyrannus
612 3567 693 3642 vulgo
704 3567 857 3642 appellatur
866 3564 1069 3642 nonserendas.

214 3639 302 3697 VIII.
328 3642 490 3700 Callicrates
513 3644 626 3699 consilio
647 3645 789 3720 decipitur.
830 3642 889 3699 IX.
913 3643 996 3698 Domi
1015 3662 1071 3697 saa

210 3719 254 3774 die
266 3719 346 3794 festo
361 3722 501 3778 occiditur.
539 3721 584 3778 Χ.
611 3721 758 3779 Tumultus
768 3733 834 3799 post
847 3722 908 3792 ojus
921 3731 1031 3776 mortem
1044 3729 1071 3772 et

171 3799 173 3804 '
211 3797 376 3854 desideriam
389 3802 497 3855 mortui.

614 3879 649 3934 40
