2646 4462
351 495 443 560 XIII.
488 505 519 571 2,
535 503 565 560 3.
609 498 829 578 (Tinwttees.)
997 505 1035 566 bl

139 653 219 721 patre
241 651 398 718 acceptant
418 643 539 718 gloriam
558 642 654 700 multis
676 644 754 700 auxit
774 643 932 710 virtutibus.
974 645 1042 704 Fuit

140 722 219 780 enim
233 721 368 789 disertus,
383 722 513 796 impiger,
532 721 701 790 laboriosus,
716 723 759 778 rei
777 723 1041 798 militariaperitus,

140 819 235 874 neque
250 799 344 855 minus
359 799 485 856 civitatis
499 800 642 874 regenda.
684 800 778 859 Multa
794 800 878 877 hujus
892 813 958 858 sunt
969 820 1041 877 pre·
1059 807 1079 860 2

140 879 219 934 clare
244 877 328 945 lacta,
353 876 407 933 sed
430 872 492 932 haec
513 877 637 934 maxitne
663 877 792 934 illustria.
835 879 987 954 Olynthios
1012 891 1042 938 st

141 954 299 1029 Byzantios
321 955 398 1010 bello
418 955 541 1030 subegit.
583 955 702 1023 Samum
722 957 808 1030 cepit,
822 957 851 1012 in
865 976 921 1030 qut
964 995 1002 1036 Μ

139 1032 334 1107 oppugnanda
344 1033 491 1107 superiore
506 1033 583 1090 bello
594 1034 789 1096 Athenienses
801 1035 879 1094 mille
890 1047 921 1092 et
963 1045 1000 1100 ³5⁷

141 1110 266 1176 ducenta
280 1110 386 1173 talenta
401 1121 626 1168 consumserant.
669 1111 703 1170 Id
718 1111 768 1168 iIIe
784 1112 847 1169 sine
862 1113 920 1170 ulla
944 1104 964 1131 ι
977 1093 1000 1133 ⁰·
1013 1105 1034 1134 ¹·

140 1180 258 1262 publica
271 1189 403 1263 impensa
416 1189 521 1265 populo
535 1189 674 1256 restituit:
695 1190 833 1250 adversus
849 1191 951 1247 Cotum
964 1191 1042 1247 bella

141 1266 243 1341 gessit,
258 1267 293 1322 ab
307 1285 398 1340 eoque
412 1268 491 1324 mille
504 1277 533 1325 et
546 1268 669 1324 ducenta
682 1269 789 1328 talenta
799 1268 899 1342 praedae
911 1267 940 1325 in
951 1268 1041 1343 publi·

140 1353 209 1400 'cum
223 1345 327 1402 retulit.
363 1346 504 1420 Cyzicum
518 1345 668 1403 obsidIone
680 1346 819 1402 liberavit.
856 1345 1041 1404 Ariobarzani
1062 1349 1079 1403 ³

140 1423 230 1479 simul
244 1441 309 1479 cum
326 1425 465 1511 Agesilao
479 1423 588 1480 auxilio
607 1424 751 1498 proiectus
773 1435 833 1481 est:
857 1443 942 1498 aquo
956 1443 1042 1498 quum

141 1501 225 1558 Laco
246 1519 399 1575 pecuniam
418 1513 594 1559 numeratam
615 1502 789 1577 accepisset,
803 1502 853 1560 ille
869 1502 950 1560 cives
973 1521 1041 1560 suos

141 1597 213 1654 agro
227 1591 310 1652 atque
324 1581 441 1638 urbibus
456 1581 555 1656 augeri
568 1580 677 1649 maluit,
687 1600 771 1654 quam
786 1581 815 1637 id
826 1599 948 1650 sumere,
960 1581 1041 1656 cujus

140 1669 253 1733 partem
265 1657 379 1727 domum
393 1678 474 1717 suam
488 1659 562 1716 serre
582 1670 691 1734 posset.
732 1660 830 1734 Itaque
852 1660 965 1734 accepit
979 1659 1042 1718 Cri·

140 1735 242 1792 thoten
256 1747 285 1792 et
300 1737 425 1794 Sestum.

183 1814 240 1872 111.
261 1815 343 1871 Idem
358 1816 447 1872 classi
460 1815 612 1891 praefectus
626 1815 845 1874 circumvehens
861 1815 1041 1890 Peloponne·
1064 1820 1077 1872 l

141 1911 216 1962 sum,
245 1892 413 1950 Laconicen
440 1895 601 1969 populatus,
629 1895 755 1956 classem
790 1913 889 1952 eorum
916 1893 1040 1968 fugavit,

143 1971 303 2044 Corcyram
317 1973 369 2031 sub
390 1971 540 2047 Imperium
554 1972 775 2030 Atheniensium
795 1971 923 2046 redegit;
971 1995 1009 2034 m

141 2049 298 2123 sociosque
321 2050 397 2106 idem
416 2051 545 2126 adjunxit
569 2051 714 2126 Epirotas,
738 2049 922 2116 Athamanas,
947 2055 967 2084 ⁸·
980 2044 1004 2082 ⁰·
1017 2054 1038 2083 ¹¹·

143 2127 289 2196 Chaonas,
299 2146 454 2202 omnesque
464 2148 514 2186 eas
529 2140 640 2204 gentes,
651 2148 713 2202 qnae
726 2147 804 2186 mare
819 2127 889 2184 illud
900 2126 1040 2201 adjacent.

144 2206 211 2272 Quo
225 2206 302 2262 Iacto
317 2206 536 2264 Lacedaemonii·
545 2207 581 2264 de
596 2207 706 2264 diutina
726 2206 907 2264 contentione
924 2203 1045 2262 destitee
1060 2207 1079 2258 2

113 2296 117 2305 ·
142 2294 216 2353 runt,
231 2295 260 2341 et
275 2303 328 2342 sua
342 2297 443 2360 sponte
458 2285 685 2342 Atheniensibus
694 2284 807 2360 imperii
817 2283 923 2342 mariti·
971 2307 1009 2348 m

143 2363 183 2418 mi
193 2362 383 2438 principatum
391 2374 615 2431 concesserunt3
630 2382 787 2438 pacemque
795 2362 842 2418 his
852 2362 923 2436 Iegi-
947 2367 968 2396 a
980 2357 1004 2395 ⁰·
1017 2366 1038 2396 ¹¹·

144 2442 197 2496 bus
222 2441 436 2511 constituerunt,
458 2452 489 2500 ut
510 2441 705 2498 Athenienses
727 2440 798 2498 mari
820 2440 910 2497 duces
932 2447 1040 2497 essent.

145 2519 217 2585 Quae
231 2519 351 2576 victoria
368 2531 453 2578 tantae
474 2519 526 2576 fuit
541 2507 644 2576 Atticis
665 2519 778 2587 Iaetitiae,
791 2529 823 2574 ut
843 2528 900 2574 tum
922 2515 1043 2590 primum

144 2616 201 2654 arae
216 2597 288 2654 Paci
301 2598 416 2672 publice
432 2598 489 2654 sint
500 2598 590 2667 iacta,
602 2599 685 2671 elque
700 2598 763 2654 deae
775 2598 905 2671 puluinar
913 2594 951 2656 sit
961 2591 1041 2648 iusti·

143 2686 243 2732 tutum.
285 2676 376 2750 Cujus
398 2676 492 2732 laudis
515 2686 546 2732 ut
569 2676 706 2732 memoria
726 2686 863 2743 maneret,
888 2670 1041 2730 Timotheo
1062 2672 1079 2726 ³

143 2752 259 2828 pubIIce
274 2753 396 2810 statuam
409 2753 438 2810 in
454 2754 513 2810 foro
527 2764 691 2829 posuerunt.
733 2753 791 2818 Qui
804 2751 896 2808 honos
910 2749 977 2806 huic
991 2746 1041 2804 uni

144 2841 210 2887 ante
226 2830 255 2887 id
268 2842 380 2904 tempus
396 2831 531 2906 contigit:
552 2842 591 2900 ut,
602 2849 687 2905 quum
700 2831 773 2906 patri
786 2830 907 2903 populus
922 2838 1042 2882 statuam

143 2909 301 2982 posuisset,
315 2909 375 2965 filio
391 2928 502 2983 quoque
523 2909 613 2966 daret.
656 2910 706 2965 Sic
722 2909 805 2984 juxta
825 2905 918 2980 posita
938 2921 1041 2961 recens

143 2985 339 3058 filiilveterem
352 2987 442 3061 patris
456 2987 605 3044 renovavit
617 2987 791 3044 memoriam.
928 3056 933 3067 ι

184 3064 241 3121 ΙΙΙ.
279 3065 338 3122 Hic
360 3083 451 3137 quum.
468 3077 548 3122 esset
573 3082 676 3140 magno
703 3073 780 3130 natu,
808 3071 837 3116 et
860 3065 1041 3133 magistratus
1064 3058 1078 3112 1

144 3161 246 3217 gerere
264 3141 399 3211 desisset,
415 3143 493 3200 bello
508 3139 704 3200 Athenienses
724 3139 848 3212 undique
867 3135 958 3212 premi
977 3141 1043 3220 sunt

145 3220 242 3295 coepti.
274 3219 563 3289 DefeceratSamus3
579 3218 957 3291 descieratHellespontus3
973 3209 1042 3269 Phr·

143 3297 240 3372 IIppus
257 3299 318 3372 jam
338 3299 397 3354 tum
417 3298 516 3355 valens
537 3297 660 3356 Macedo
683 3297 772 3354 multa
789 3293 973 3352 moliebatur:
988 3288 1042 3356 vcui

143 3376 293 3449 oppositus
309 3374 422 3431 Chares
445 3395 530 3450 quum
545 3386 633 3443 esset,
647 3393 704 3432 non
718 3373 789 3430 satis
810 3373 840 3430 in
861 3389 896 3428 eo
916 3366 1042 3445 presidii

143 3454 303 3527 putabatur.
358 3453 406 3510 Fit
430 3451 621 3510 Menestheus
645 3462 756 3528 praetor,
780 3451 855 3508 filins
880 3447 1080 3522 Iphicraten

143 3548 235 3604 gener
249 3529 407 3600 Timothei,
422 3542 459 3600 et,
479 3541 509 3589 ut
523 3530 560 3587 ad
573 3531 680 3587 bellum
693 3530 899 3604 proficiscatur,
914 3523 1044 3582 decerni·

142 3618 197 3664 tur.
241 3607 319 3663 Huic
334 3607 364 3664 in
378 3609 531 3667 consilium
551 3608 651 3664 dantur
671 3607 727 3664 duo
741 3626 795 3664 usu
809 3605 923 3680 sapien·
972 3627 1010 3668 aar

142 3685 240 3758 tiaque
250 3696 429 3759 prestantes,
437 3704 555 3759 quorum
567 3685 689 3742 consilio
703 3695 836 3752 uteretur,
845 3692 925 3756 pater
949 3686 969 3715 ²·
982 3677 1006 3716 ⁰·
1019 3685 1040 3715 ¹¹·

143 3773 174 3819 et
194 3779 299 3818 socer:
321 3763 397 3835 quod
418 3761 448 3819 in
467 3763 514 3819 bis
536 3774 614 3818 tanta
634 3773 696 3817 erat
715 3761 878 3834 auctoritas,
891 3766 922 3812 ut
941 3771 1045 3827 magna

143 3857 214 3915 spes
231 3849 320 3907 esset,
335 3857 453 3912 perena
468 3841 575 3896 amissa
587 3858 675 3914 posse
690 3835 863 3909 recuperari.
905 3831 947 3888 Hi
959 3847 1045 3903 quum
1064 3832 1083 3886 3
