2646 4462
275 503 316 562 28
509 494 566 558 Vl.
610 501 639 569 2,
656 499 685 557 3.
728 491 929 576 (Lysander.)

241 686 246 710 ,
269 644 407 702 factiosus
419 642 566 715 audaxque
578 641 690 710 suisset,
702 640 745 698 sic
757 641 813 698 sibi
820 638 952 716 indulsit,
962 647 993 695 u't
1007 641 1069 715 ejus
1081 657 1169 717 opera

269 723 300 780 in
313 723 466 780 maximum
477 721 576 778 'odium
598 720 718 776 Graeciae
741 718 954 776 Lacedaemonii
975 721 1187 793 pervenerintd

230 804 250 858 4
388 801 464 857 Nam
472 799 758 872 quumhauccausam
767 796 979 855 Lacedaemonii
989 797 1170 855 dictitassent

282 860 354 949 ἐξ,
389 879 443 935 sibi
454 897 521 935 esse
529 878 609 946 belli,
618 889 648 933 ut
657 875 878 934 Atheniensium
887 875 1072 950 impotentem
1080 876 1169 932 domi·

201 1016 205 1030 ,
283 948 533 1047 ngrhnationem
568 956 767 1030 refringerent,
795 967 944 1030 postquam
972 954 1047 1029 apud
1073 955 1169 1028 AEgos

271 1018 291 1047 ⁸'
323 1035 328 1046 ⁸
343 1019 363 1046 η’
388 1035 494 1096 llumen
506 1035 657 1110 Lysander
666 1033 770 1092 classis
782 1031 906 1089 hostium
918 1043 962 1088 est
973 1032 1088 1107 potitus,
1096 1032 1170 1090 nihil

271 1113 348 1170 aliud
359 1115 473 1171 molitus
489 1124 543 1182 est,
554 1132 637 1187 quam
647 1123 678 1168 ut
686 1131 789 1168 omnes
801 1111 933 1167 civitates
949 1111 979 1167 in
994 1129 1046 1167 sua
1059 1120 1171 1167 teneret

271 1203 422 1266 potestate,
443 1211 528 1266 quum
551 1191 581 1247 id
604 1209 637 1247 se
660 1189 942 1247 Lacedaemoniorum
964 1208 1052 1249 causa
1073 1188 1170 1245 sacere

232 1275 251 1327 5
272 1271 439 1330 simularet..
470 1271 600 1343 Namque
625 1268 758 1342 undique,
773 1268 821 1340 qui
842 1267 1065 1326 Atheniensium
1083 1269 1169 1324 rebus

272 1349 458 1419 studuissent,
473 1349 585 1424 ejectis,
600 1348 703 1404 decem
717 1347 865 1421 delegerat
878 1347 908 1403 iu
921 1365 1088 1419 unaquaque
1100 1345 1185 1401 civi··

271 1437 338 1496 tate,
352 1428 453 1501 quibus
468 1445 607 1483 summum
628 1425 778 1500 imperium
798 1435 1023 1499 potestatemque
1045 1425 1171 1481 omnium

242 1569 245 1574 .
272 1523 367 1560 rerum
381 1505 599 1561 committeres
613 1505 723 1560 Horum
736 1504 766 1559 in
780 1522 927 1560 numerum
942 1522 1027 1559 nemo
1041 1503 1170 1560 admitte·

272 1583 362 1650 batur,
376 1583 433 1638 nisi
443 1583 491 1657 qui
502 1594 549 1638 aut
564 1585 626 1658 ejus
640 1582 765 1657 hospitio
778 1583 980 1650 contineretur,
991 1592 1039 1638 aut
1049 1601 1082 1638 se
1092 1581 1175 1638 illius

273 1659 333 1715 lore
348 1661 491 1735 proprium
505 1661 560 1717 fide
576 1662 763 1718 confirmarat.

213 1742 250 1798 =›1
313 1738 353 1795 ΙΙ.
376 1738 419 1796 Ita
433 1739 618 1806 decemvirali
632 1750 772 1814 potestate
787 1739 816 1794 in
831 1739 964 1805 omnibus
976 1740 1091 1796 urbibus
1104 1737 1171 1796 con·

274 1817 379 1886 stituta,
394 1817 485 1892 ipsius
499 1829 568 1874 nutu
582 1818 677 1875 omnia
691 1818 870 1892 gerebantur.
913 1817 1003 1892 Cujus
1018 1819 1054 1874 de
1069 1818 1170 1876 crude„

254 1896 352 1971 'litate
375 1915 409 1952 ac
429 1897 550 1971 perfidia
570 1896 640 1954 satis
662 1907 708 1953 est
727 1914 814 1952 unam
833 1915 903 1966 rem,
924 1897 1050 1972 exempli
1071 1897 1171 1972 gratia,

274 1974 410 2050 proferre,
424 1993 461 2032 ne
482 1975 518 2032 de
540 1976 642 2033 eodem
663 1975 744 2052 plura
764 1974 958 2032 enumerando
981 1975 1170 2050 defatigemus

234 2057 253 2110 2
274 2053 409 2111 lectores.
444 2054 544 2111 Victor
553 2073 590 2110 ex
601 2055 673 2112 Asia
682 2073 767 2127 quum
776 2065 974 2123 reverteretur,
986 2054 1169 2127 Thasumque

235 2193 239 2202 ‚
264 2132 456 2202 devertisset,
469 2134 543 2206 quod
564 2153 599 2190 ea
620 2133 723 2189 civitas
744 2132 888 2208 praecipua
910 2133 966 2188 fide
989 2131 1085 2200 suerat¹
1104 2150 1173 2207 erga

275 2210 481 2281 Athenienses,
489 2211 608 2286 proinde
624 2230 657 2268 ac
670 2212 694 2267 si
704 2210 791 2268 iidem
802 2211 957 2267 firmissimi
966 2212 1093 2268 solerent
1103 2230 1171 2267 esse

275 2288 371 2357 amici,
385 2289 434 2362 qui
453 2300 619 2345 'constantes
641 2289 764 2345 fuissent
784 2289 903 2359 inimici,
925 2307 987 2346 earu
1005 2302 1171 2364 pervertere

237 2367 254 2422 3
276 2365 450 2440 concupivit.
485 2367 565 2422 Vidit
586 2379 689 2436 autem,
704 2367 761 2424 nisi
782 2367 813 2423 in
827 2386 862 2423 eo
883 2369 1059 2424 occultasset
1072 2369 1171 2424 voluu-

274 2454 370 2513 tatem,
385 2444 515 2515 saturum,
535 2455 565 2501 ut
586 2445 689 2502 Thasii
709 2446 910 2515 dilaberentur,
933 2448 1171 2521 consulerentque

275 2524 360 2580 rebus
375 2523 467 2579 suisa
488 2524 673 2598 ltaque‚†††
705 2535 707 2540 ’

238 2605 252 2658 1
315 2601 370 2659 ΙΙΙ.
414 2602 428 2670 †
456 2602 471 2671 †
498 2603 512 2668 †
540 2602 762 2659 decemviralem
790 2622 872 2659 suam
897 2614 1068 2678 potestatem
1099 2603 1169 2681 [sui]

276 2680 311 2736 ab
333 2679 384 2737 illo
406 2681 587 2737 constitutam
607 2683 791 2742 sustulerunt.
832 2682 897 2747 Quo
919 2682 1016 2738 dolore
1033 2684 1171 2739 incensus

276 2757 340 2814 iniit
367 2759 497 2828 consilia,
525 2779 610 2834 reges
639 2760 920 2818 Lacedaemoniorum
945 2761 1056 2817 tollere.
1111 2761 1173 2817 Sed

276 2836 427 2906 sentiebat,
454 2837 483 2896 id
505 2858 537 2896 se
561 2838 624 2896 sine
651 2857 705 2913 ope
733 2840 850 2894 deorum
872 2837 968 2894 facere
990 2857 1048 2895 non
1075 2857 1172 2913 posse,

261 2914 349 2987 ‚quod
374 2915 587 2975 Lacedaemonii
611 2918 707 2974 omnia
727 2916 763 2974 ad
783 2918 899 2974 oracula
919 2917 1026 2974 referre
1050 2936 1172 2974 cousue-

235 2995 383 3050 2veraut.
439 2996 566 3058 Primum
595 2995 726 3072 Delphos
759 3013 940 3072 corrumpere
969 3006 1014 3052 est
1042 3007 1171 3053 conatus.

276 3071 372 3138 Quum
393 3073 423 3130 id
444 3094 501 3134 uon
521 3075 672 3150 potuisset,
688 3075 838 3131 Dodonam
861 3075 974 3131 adortus
996 3085 1050 3131 est.
1092 3073 1171 3130 Hinc

274 3169 386 3224 quoque
410 3154 542 3227 repulsus
570 3154 650 3221 dixit,
674 3171 706 3208 se
725 3162 791 3208 vata
813 3154 990 3282 suscepisse,
1018 3169 1080 3224 quae
1107 3152 1173 3208 Jovi

276 3227 431 3284 Hammoni
451 3230 594 3285 solveret:
617 3230 795 3296 existimans,
815 3248 847 3284 se
869 3230 895 3284 A
907 3248 954 3284 ros
975 3228 1088 3284 facilius
1110 3247 1173 3286 cor·

234 3308 254 3360 3
275 3317 427 3376 rupturum.
470 3305 600 3382 Haaspe
621 3325 706 3379 quum
726 3305 869 3380 profectus
891 3316 970 3362 esset
990 3306 1020 3362 in
1036 3304 1172 3378 Africam,

274 3382 392 3436 multum
419 3402 483 3439 eum
507 3383 648 3440 antistites
672 3384 752 3440 Jovis
781 3383 950 3440 fefellerunt.
1011 3384 1088 3441 Nam
1114 3404 1173 3442 non

275 3459 368 3515 solum
392 3462 533 3536 conumpi
554 3480 611 3519 uon
634 3472 791 3537 potuerunt,
806 3462 859 3518 sed
874 3463 961 3519 etiam
983 3463 1094 3538 legatos
1117 3464 1173 3520 La·

275 3536 442 3596 cedaembna
461 3542 611 3617 miseruut,
629 3541 676 3614 qui
698 3541 879 3614 Lysandrum
899 3554 1076 3611 accusarent,
1097 3542 1174 3615 quod

235 3622 254 3675 4
273 3616 441 3694 sacerdotes
457 3619 514 3675 sani
537 3637 716 3693 corrumpere
739 3631 857 3676 conatus
873 3634 960 3676 esset.
1009 3623 1171 3676 Accusatus

213 3725 221 3768 ς
296 3719 348 3758 395·
376 3695 448 3752 hoc
465 3699 591 3766 crimine,
602 3699 941 3774 judicumqueabsolutus
951 3699 1172 3767 sententiis&-

271 3782 291 3810 ι
305 3770 328 3808 ⁰·
342 3780 362 3809 ¹¹·
394 3776 553 3834 chomeniis
562 3777 934 3845 missussuhsidio,occisus
945 3789 989 3832 est
998 3777 1171 3834 aThebanis

211 3858 253 3930 ,5
275 3855 350 3930 apud
375 3854 546 3913 Haliartmn.
589 3856 684 3921 Quam
705 3875 773 3912 vero
795 3855 830 3914 de
855 3874 890 3913 eo
912 3855 985 3912 soret
1004 3856 1172 3931 judicatum,
