2646 4462
250 423 291 482 aa
485 414 557 477 vra
581 417 610 489 a,
626 420 656 475 9.
701 409 914 492 (locitans.)

247 583 339 632 mans,
362 562 544 618 barbarorum
562 560 657 634 praede
678 557 856 632 lecupletari
879 575 963 630 quam
986 555 1145 612 Graiorum.

210 648 228 700 5
249 643 315 708 Qua
330 659 367 698 ex
379 658 410 695 re
426 649 556 695 creverat
569 656 655 721 qu
668 637 751 705 farne,
766 647 825 700 turn
838 635 1146 709 opibus,magnamque

249 719 402 776 amicitiem
409 717 463 773 sibi
473 735 538 774 cum
546 715 835 790 quibusdamregibus
844 712 977 769 Thraciae
985 724 1146 786 pepererat.

212 803 225 856 1
289 797 373 854 VIII.
402 795 505 868 Neque
514 805 610 851 tamen
624 812 640 848 a
655 793 772 850 caritate
787 790 983 867 patriaepotuit
997 789 1146 848 recedere.

217 901 235 944 3·
249 876 325 933 Nam
333 892 419 948 quum
433 872 507 948 apud
521 873 616 947 AEgos
630 872 736 928 flumen
751 869 909 938 Philocles,
917 880 1019 943 prator
1029 868 1147 924 Atheni·

250 954 370 1020 ensium,
380 952 505 1008 classem
516 951 713 1007 constituisset
727 968 817 1019 suam,
828 967 922 1020 neque
934 948 1018 1022 leuge
1026 948 1148 1018 abesset

251 1031 412 1106 Lysander,
424 1040 525 1104 prator
539 1027 830 1095 Lacedaemoniorum,
838 1026 885 1099 qui
900 1026 929 1082 in
940 1036 1047 1082 ecerat
1060 1043 1147 1098 eccu-

249 1120 340 1184 patus,
354 1117 384 1165 ut
407 1108 514 1164 bellum
528 1125 613 1181 quam
638 1105 798 1162 diutissime
823 1105 950 1172 duceret,
974 1103 1048 1178 quod
1073 1102 1146 1175 ipsis

249 1186 373 1263 pecunia
397 1205 414 1242 a
438 1203 507 1259 rege
532 1183 897 1258 suppeditabatur,.contra
918 1181 1146 1238 Atheniensibus

160 1269 228 1348 [⁰2
250 1265 400 1324 exhaustis
419 1273 519 1338 praeter
534 1279 612 1317 arma
626 1271 654 1318 et
669 1279 759 1316 naves
773 1260 846 1316 nihil
861 1270 921 1316 erat
941 1246 1147 1334 superAAlci·

249 1345 349 1401 biades
359 1343 393 1398 ad
403 1338 647 1397 exercitumvenit
656 1337 885 1407 Atheniensium,
894 1338 989 1411 ibique
1004 1349 1145 1413 praesente

248 1423 335 1501 sufflo
349 1438 439 1494 agere
450 1417 544 1491 coepit,
560 1417 585 1473 si
599 1417 715 1485 vellent,
729 1435 762 1474 se
782 1426 946 1490 coacturum
966 1417 1147 1491 Lysandmm

250 1511 297 1555 aut
305 1498 451 1564 dimicare,
463 1507 510 1552 aut
520 1514 622 1569 pacem
635 1505 734 1570 petere
745 1494 1058 1562 :Lacedaemonioseo
1068 1495 1146 1551 nolle

250 1577 404 1649 confligere
428 1575 533 1641 classe,
555 1573 629 1648 quod
653 1573 834 1648 pedestribus
859 1573 951 1647 qcpiis
974 1573 1048 1646 plus,
1062 1591 1147 1648 quam
1241 1604 1244 1607 >

160 1660 228 1724 153
249 1653 530 1720 navibus,valerent;
550 1651 1146 1727 sibiautemessesacile,Seuthen‚regem

250 1725 403 1798 Thracum,
418 1729 571 1804 defflere,
585 1740 616 1785 ut
636 1747 687 1786 eos
707 1740 786 1793 terra
803 1730 978 1804 depelleret:
993 1747 1056 1814 *quo
1070 1731 1146 1798 [mm

248 1808 416 1889 necessarie
426 1819 472 1864 aut
481 1808 576 1864 classe
586 1807 839 1886 ccnflicturos,„aut
853 1809 960 1865 bellum
975 1809 1146 1883 compositu-

113 1881 118 1889 ’
210 1894 338 1952 truso<
356 1887 391 1945 Id
414 1886 469 1942 etsi
493 1904 560 1942 vere
588 1885 870 1952 dictum‚Phildcles
896 1887 1145 1956 animadvertebat,

249 1976 344 2024 tamen
357 1965 498 2042 postulata
512 1964 607 2023 sacere
628 1965 727 2033 noluit,
741 1965 816 2038 Qd
836 1963 987 2034 sentiebat,
1002 1985 1045 2034 se,
1066 1965 1146 2022 Alci-

194 2073 215 2114 ..³
243 2045 333 2102 hiade
347 2054 473 2118 recepto,
487 2043 593 2101 nullius
604 2043 739 2118 metuenti
754 2043 828 2118 apud
843 2044 1000 2111 exercitum
1015 2043 1145 2112 suturam,

250 2133 287 2192 et,
296 2124 322 2178 si
331 2123 397 2196 quid
408 2121 529 2187 secundi
539 2121 693 2189 evenisset,
702 2121 809 2177 nullam
817 2121 846 2176 in
857 2141 891 2178 ea
904 2141 935 2177 re
947 2141 1028 2178 suam
1036 2133 1145 2197 partem

249 2201 327 2268 sote;
350 2211 449 2258 contra
463 2219 507 2267 ea,
516 2200 542 2256 si
555 2197 623 2272 quid
638 2198 750 2255 adversi
765 2199 929 2269 accidisset,
940 2219 972 2256 se
987 2219 1072 2257 unum
1082 2201 1144 2275 ejus

211 2285 228 2336 5
250 2277 493 2334 delictifuturum
520 2294 609 2334 reum.
651 2277 695 2331 Ab
720 2275 775 2333 hoc
797 2276 952 2334 discedens
968 2279 1144 2348 Alcibiades,

249 2357 384 2432 quoniam,
407 2354 506 2427 inquit,
530 2357 648 2410 victorio
664 2357 762 2430 patrio
784 2375 931 2432 repugnas,
952 2357 1021 2414 Illud
1044 2374 1144 2426 moneo,

186 2467 202 2515 9
219 2435 327 2508 ,jacto
348 2434 453 2490 bostem
466 2433 683 2488 castrametatas
699 2435 828 2490 nautico:
845 2435 997 2510 periculum
1010 2447 1052 2492 est
1065 2439 1144 2504 enim,

239 2519 282 2569 'ne
297 2512 465 2569 immodestia
478 2511 594 2567 militum
608 2522 763 2568 nostrorum
782 2515 887 2570 occasio
902 2513 981 2569 detur
995 2513 1144 2589 Lysandro

249 2593 338 2648 nostri
351 2590 518 2666 opprimendi
531 2591 673 2646 coercitos.
691 2590 923 2672 aNequeteares
938 2591 1018 2648 illum
1032 2591 1143 2649 sesellit.

211 2673 228 2726 6
250 2670 327 2726 Nam
350 2667 509 2742 Lysander,
533 2685 619 2740 quum
645 2686 696 2744 per
723 2670 918 2743 specula-tores
947 2671 1144 2746 comperisset,

248 2748 365 2821 vulgum
388 2745 608 2804 Atheniensmm
628 2746 658 2802 in
681 2757 784 2803 terram
795 2789 798 2795 .
807 2746 960 2821 praedatum
975 2749 1081 2816 exisse,
1095 2768 1145 2805 na·

248 2843 276 2880 vr
292 2843 356 2898 tque
367 2845 371 2851 ’
380 2843 461 2898 paene
486 2824 586 2880 inanes
609 2819 734 2893 relictas,
748 2835 859 2900 tempus
881 2825 924 2882 rei
941 2826 1073 2900 gerenda
1087 2844 1145 2884 non

255 2903 365 2972 'imisit
380 2920 470 2976 eoque
484 2902 592 2976 impetu
605 2913 693 2960 toturn
707 2903 813 2960 bellum
827 2903 942 2960 delevit.
954 2926 966 2946 a

211 2986 221 3012 '
287 2981 341 3039 IX.
383 2982 421 3037 At
445 2980 621 3050 Alcibiades,
642 2981 726 3038 victis
751 2980 976 3040 Atheniensibus
998 2983 1144 3041 nonsatis

247 3070 307 3116 tuta
321 3059 423 3116 eedem
435 3059 500 3115 loca
513 3060 570 3116 sibi
585 3061 742 3127 arbitratus,
756 3060 870 3134 penitus
891 3061 922 3116 iu
942 3061 1097 3118 Thraciam
1111 3079 1144 3117 sc

248 3156 334 3212 supra
355 3137 558 3210 Propontidem
572 3137 689 3204 abdidit,
702 3155 831 3210 sperans,
846 3138 885 3192 ibi
906 3138 1043 3196 facillime
1064 3157 1145 3194 suam

209 3221 228 3274 2
249 3216 387 3273 fortunam
401 3213 496 3269 occtali
509 3230 607 3285 posse.
630 3213 726 3267 Falso.
749 3213 825 3268 Nam
840 3213 981 3282 Thraces,
994 3225 1144 3287 postquam

249 3311 314 3349 eum
322 3309 388 3346 cum
395 3307 499 3362 magna
506 3288 629 3362 pecunia
639 3289 755 3344 venisse
767 3301 927 3358 senscrunt,
936 3289 1057 3346 insidias
1066 3290 1144 3347 sece-

248 3377 329 3424 runt:
351 3365 399 3438 qui
414 3384 458 3435 ea,
472 3384 533 3438 quae
547 3375 716 3438 apportarat,
731 3366 914 3435 abstulemnt‚
930 3367 1024 3441 ipsum
1040 3386 1144 3443 capere

209 3449 228 3503 8
248 3442 306 3500 aon
325 3453 483 3516 potuerunt.
525 3444 579 3501 llle
595 3461 726 3512 cerneus,
740 3443 847 3499 nullum
869 3444 965 3501 locum
987 3445 1042 3502 sibi
1055 3456 1145 3504 tutum

249 3521 279 3577 in
309 3519 422 3576 Gracia
455 3530 569 3595 propter
596 3521 752 3595 potentiam
786 3519 1076 3594 LacedaemnnIomm,
1108 3525 1144 3582 ad

249 3597 465 3658 Pharnabazum
478 3598 507 3653 in
522 3598 621 3654 Asiam
634 3599 764 3655 transiit:
786 3618 870 3672 quem
883 3600 998 3672 quidem
1006 3603 1079 3658 adeo
1093 3621 1145 3660 sua

249 3675 327 3750 cepit
339 3674 521 3744 humanitate,
535 3686 566 3732 ut
586 3693 747 3733 eumnemo
762 3677 792 3732 in
806 3678 930 3733 amicitia
951 3678 1143 3736 antecederet.

249 3753 379 3828 Namque
390 3753 416 3808 ei
433 3752 571 3818 Granium
585 3753 703 3811 dederat
716 3753 746 3811 in
761 3753 888 3831 Phrygia
898 3768 1030 3828 castrum,
1045 3775 1144 3833 exque
