2646 4462
212 447 249 504 16
428 439 469 500 11.
506 444 536 512 4,
553 445 582 498 5.
620 438 881 517 (Themistocles.)

202 585 335 666 progredi
349 604 407 641 non
420 594 591 659 paterentur.
622 583 663 640 Hi
677 585 735 640 vim
748 583 873 641 hostium
885 605 943 643 non
958 585 1100 642 sustinue-

163 671 181 722 2
203 675 275 732 runt,
287 681 378 737 eoque
390 665 455 718 loco
466 682 565 719 omnes
577 663 753 720 interierunt.
775 665 813 720 At
825 663 929 720 classis
941 665 1100 721 communis

205 743 324 799 Graeeiae
351 752 543 798 trecentarum
569 741 696 809 navium,
720 741 751 797 in
779 761 834 816 qua
862 743 992 799 ducentae
1021 751 1101 799 erant

202 820 431 888 Atheniensium,
445 821 566 894 primum
581 820 654 894 apud
666 821 859 889 Artemisium,
873 821 947 878 inter
961 820 1099 879 Euboeam

203 899 452 971 continentemque
473 910 586 968 terram,
602 917 667 954 cnm
687 898 844 960 classiariis
863 899 942 974 regis
962 898 1100 972 conflixit,

203 977 360 1051 Angustias
380 977 456 1033 enim
471 977 686 1033 Themistocles
701 979 855 1050 quaerebat,
867 996 903 1034 ne
920 977 1099 1034 multitudine

165 1060 182 1112 3
204 1055 409 1112 circumiretur.
451 1055 510 1113 Hic
526 1056 580 1111 etsi
594 1056 657 1129 pari
670 1056 771 1129 proelio
786 1055 991 1123 discesserant,
1006 1065 1099 1112 tamen

204 1133 306 1206 eodem
320 1134 384 1190 loeo
395 1152 452 1190 non
464 1144 529 1189 sunt
540 1134 603 1189 ausi
614 1151 747 1188 manere:
769 1132 843 1205 quod
858 1143 918 1188 erat
930 1133 1099 1206 periculum,

202 1231 254 1281 ne,
265 1212 290 1268 si
310 1231 377 1287 pars
391 1213 506 1268 navium
520 1210 748 1266 adversariorum
770 1211 909 1266 Eunoeam
926 1224 1101 1284 superasset,

164 1291 322 1366 Aancipiti
348 1301 545 1365 premerentur
570 1288 710 1363 periculo.
752 1289 817 1353 Quo
851 1288 956 1345 sactum
991 1299 1044 1357 est,
1071 1299 1102 1344 ut

203 1371 238 1426 ab
254 1369 409 1433 Artemisio¹
429 1368 621 1436 discederent,
637 1377 665 1422 et
681 1364 868 1423 exadversum
883 1367 1012 1424 Athenas
1028 1366 1102 1443 apud

205 1449 352 1504 Salamina
367 1447 492 1502 classem
506 1465 587 1501 suam
602 1445 816 1502 constituerent.
1108 1514 1114 1524 ¹

166 1531 202 1584 14
243 1525 296 1581 IV.
338 1524 376 1579 At
401 1523 525 1592 Xerxes,
542 1523 747 1599 Thermopylis
773 1525 952 1600 expugnatis,
972 1524 1101 1599 protinus

204 1602 331 1658 accessit
355 1612 426 1668 astu,
452 1602 546 1674 idque,
571 1601 659 1657 nullis
686 1603 917 1671 defendentibus,
942 1603 1101 1659 interfectis

204 1679 410 1748 sacerdotibus,
425 1697 503 1752 quos,
517 1680 546 1735 in
567 1698 633 1736 arce
655 1679 812 1749 invenerat,
827 1679 963 1736 incendio
984 1680 1114 1736 delevit'

163 1764 182 1824 2
218 1798 272 1836 Μ)
322 1758 413 1833 Cujus
428 1757 501 1812 fama
515 1757 657 1832 perterriti
669 1759 810 1814 classiarii
821 1777 906 1833 quum
918 1774 1033 1814 manere
1043 1775 1102 1814 non

137 1851 143 1861 ’
220 1846 263 1886 tur.
322 1837 468 1904 auderent,
484 1837 646 1912 et-plurimi
666 1836 853 1906 hortarentur,
867 1847 898 1892 ut
914 1837 1013 1893 domos
1034 1855 1101 1892 suas

221 1897 265 1935 ⁴⁸⁰·
321 1916 440 1988 quisque
451 1915 643 1984 discederent,
649 1917 845 1989 moenibusque
855 1935 887 1972 se
898 1915 1099 1976 defenderent:

203 1993 417 2051 Themistocles
429 2013 502 2050 unus
514 1994 626 2062 restitit,
639 2005 667 2050 et
677 1996 827 2051 universos
838 1997 923 2070 pares
936 2014 1002 2051 esse
1011 2013 1101 2072 posse

203 2073 305 2140 aiebat,
321 2073 468 2146 dispersos
485 2075 640 2129 testabatur
660 2075 810 2147 perituros,
825 2074 910 2147 idque
933 2072 1102 2148 Eurybiadi,

202 2151 265 2226 regi
280 2149 570 2220 Lacedaemoninrnm,
582 2151 630 2224 qui
645 2161 703 2206 tum
715 2161 830 2207 summae
844 2151 958 2224 imperii
972 2161 1101 2225 praeerat,

164 2233 181 2285 3
203 2228 262 2285 sore
279 2228 442 2283 affinnahat.
473 2229 570 2292 Quem
582 2247 666 2300 quum
679 2229 783 2298 minus,
797 2247 881 2300 qnam
894 2229 992 2296 vellet,
1006 2247 1102 2286 move·

202 2319 254 2375 ret,
268 2315 354 2361 noctu
368 2306 404 2361 de
424 2307 516 2361 servia
535 2307 606 2373 suis,
621 2325 705 2378 quem
725 2306 823 2361 habuit
843 2306 1051 2375 fidelissimum,
1066 2307 1102 2363 ad

202 2402 301 2459 regem
323 2383 408 2452 misit,
422 2393 453 2439 ut
477 2383 505 2439 ei
529 2383 671 2440 nuntiaret
695 2385 755 2439 suis
777 2383 890 2440 verbis:
920 2384 1101 2443 adversarios
1188 2417 1189 2420 ¹

164 2467 183 2519 4
204 2464 269 2537 ejus
289 2461 317 2517 in
341 2461 408 2536 fuga
431 2481 515 2518 esse:
549 2463 596 2535 qui
619 2462 644 2517 si
667 2461 883 2530 discessissent,
906 2463 1013 2537 majore
1030 2481 1102 2536 veum

202 2542 299 2598 labore
310 2550 338 2596 et
346 2539 545 2615 longinquiore
551 2551 678 2614 tempore
687 2541 794 2595 bellum
804 2540 1009 2610 confecturum,
1016 2561 1102 2617 quum

203 2619 332 2694 singulos
356 2620 520 2674 consectari
542 2628 712 2692 cogeretur,
742 2637 813 2692 quos
836 2619 861 2675 si
884 2619 979 2675 statim
1001 2613 1101 2696 aggre-

203 2699 326 2764 deretur,
340 2696 419 2751 brevi
434 2696 586 2752 universos
601 2714 813 2771 oppressurum.
846 2698 911 2753 Hoc
929 2716 964 2753 eo
979 2700 1101 2767 valebat,

164 2782 181 2834 5
202 2786 233 2832 ut
252 2773 383 2852 ingratiis
405 2774 440 2829 ad
462 2775 681 2850 depugnandum
697 2792 798 2832 omnes
814 2787 993 2851 cogerentur.
1035 2776 1113 2832 Hac'

202 2872 234 2911 re
249 2851 344 2911 audita
357 2852 502 2926 barbarus,
516 2853 590 2910 nihil
604 2854 663 2910 doli
676 2855 799 2911 subesse
814 2856 946 2925 credens,
961 2856 1100 2931 postridie

203 2932 382 2990 alienissimo
404 2931 460 2988 sibi
483 2932 558 3002 loco,
580 2944 678 2989 contra
700 2933 940 3011 opportunissimo
960 2935 1102 3003 hostibus,

321 3011 394 3069 adeo
417 3022 537 3086 angusto
558 3013 630 3068 mari
655 3012 791 3081 conflixit,
811 3024 841 3068 ut
865 3014 928 3088 ejus
952 3013 1101 3076 multitudo
1141 3019 1144 3028 '

208 3079 274 3176 ,3ssss
320 3091 435 3178 navium
449 3091 814 3178 explicari'nonlpotnerit.
855 3091 1041 3178 Victus'ergo
1056 3098 1102 3147 est

199 3177 282 3264 ‘fga'
320 3187 416 3303 thaaegrs
436 3168 558 3222 consrho
573 3167 793 3270 Thermstoclrs,
805 3187 890 3240 quam
911 3185 998 3274 arnus
1022 3167 1101 3222 Grae·

165 3325 180 3378 1
242 3319 278 3374 V.
301 3320 360 3374 Hic
376 3319 431 3375 etsi
444 3321 519 3375 male
534 3338 596 3376 rem
609 3330 749 3394 gesserat,
763 3330 858 3377 tamen
871 3325 964 3377 tantas
978 3321 1101 3379 habebat

202 3396 339 3469 reliquias
354 3397 509 3470 copiarum,
523 3407 554 3452 ut
568 3397 654 3453 etiam
669 3417 734 3454 cum
753 3398 799 3454 his
819 3398 980 3474 opprimere
1001 3415 1101 3476 posset

201 3474 311 3530 hostes
353 3474 459 3531 Iterum
481 3477 516 3532 ab
539 3476 642 3532 eodem
664 3476 753 3550 gradu
772 3476 909 3552 depulsus
930 3488 983 3537 est.
1024 3478 1102 3537 Nam

202 3550 417 3609 Themistocles
428 3557 542 3622 vereris,
552 3573 589 3610 ne
603 3554 711 3610 bellare
726 3567 934 3630 perseveraret,
949 3557 1101 3615 certiorem

202 3648 268 3687 eum
290 3626 368 3700 feeit,
390 3630 420 3688 id
442 3631 498 3706 agi,
513 3643 543 3687 ut
566 3650 649 3707 pone,
671 3651 756 3706 quem
780 3633 829 3690 ille
853 3634 883 3690 in
907 3634 1100 3711 Hellesponto

201 3708 319 3777 lecerat,
334 3707 547 3779 dissolveretur,
562 3729 596 3766 ac
611 3711 704 3767 reditu
723 3713 753 3768 in
766 3712 868 3768 Asiam
882 3714 1100 3784 excluderetur3

162 3791 181 3847 2
202 3787 287 3864 idque
303 3786 331 3845 ei
345 3788 498 3862 persuasit.
540 3790 640 3864 Itaque
654 3809 711 3865 qua
724 3805 778 3848 sex
792 3791 939 3848 mensibus
954 3792 1008 3849 iter
1022 3791 1100 3850 lece·
