2646 4462
386 469 476 532 XIV.
519 475 549 545 7,
566 475 595 532 8.
639 471 825 550 (Datames.)
1008 479 1050 536 57

165 627 260 676 tentes
276 617 413 674 Datames
428 615 554 674 invadit:
576 617 667 691 primo
687 617 795 692 impetu
814 618 905 691 pellit,
919 617 1063 694 fugientes

163 697 355 772 persequitur,
381 695 485 754 multos
514 695 657 764 interficit,
686 706 782 752 castra
816 696 956 754 hostium,
977 698 1063 773 capit.

166 775 235 832 'Pali
258 773 381 830 consilio
407 791 464 830 uno
488 783 616 848 tempore
641 781 671 830 et
693 774 852 847 proditores
879 776 1010 850 percidit,
1035 786 1064 834 et
1084 780 1103 834 8

165 851 266 909 hostes
279 852 449 926 profligavit,
463 862 501 920 et,
514 849 590 926 quod
610 851 645 907 ad
665 852 824 925 perniciem
844 852 936 909 suerat
956 855 1063 930 cogita·

165 941 233 1000 tum,
248 930 277 986 id
291 930 327 986 ad
341 931 462 986 salutem
477 930 625 986 convertit.
666 930 731 994 Quo
744 947 837 1003 neque
852 932 963 988 acutius
976 933 1062 990 ullius

165 1008 344 1082 imperatoris
370 1007 531 1082 cogitatum,
551 1025 645 1081 neque
671 1008 795 1064 celerius
819 1007 925 1066 iactum
944 1027 1063 1084 usquam

165 1086 299 1160 legimus.

205 1164 275 1221 VII.
297 1165 342 1220 Ab
355 1164 411 1220 hoc
425 1173 520 1220 temen
534 1164 597 1221 viro
612 1164 751 1233 Scismas,
762 1164 885 1220 maximo
898 1176 965 1222 natu
977 1167 1061 1236 lilius,
1085 1171 1098 1224 1

164 1242 280 1310 desciit,
291 1243 328 1298 ad
335 1260 488 1317 regemque
499 1242 620 1310 transiit,
629 1252 658 1298 et
668 1242 704 1298 de
714 1241 876 1298 deiectione
886 1243 974 1316 patris
982 1244 1062 1301 detu-

164 1320 208 1377 lit.
244 1321 309 1386 Quo
322 1321 422 1377 nuntio
437 1322 611 1377 Artaxerxes
625 1331 792 1389 commotus,
800 1321 875 1394 quod
885 1321 1063 1398 intelligebat

165 1398 222 1456 sibi
236 1417 301 1456 cum
315 1398 376 1455 viro
389 1398 454 1454 sorti
467 1417 502 1454 ac
518 1408 634 1454 strenuo
647 1398 793 1473 negotium
812 1417 890 1468 esse,
904 1399 962 1474 qui,
977 1417 1063 1473 quum

165 1473 335 1552 cogitasset,
342 1475 439 1533 iacere
450 1476 577 1545 auderet,
589 1487 617 1532 et
627 1477 705 1550 prius
715 1476 850 1551 cogitare,
861 1496 944 1550 quam
955 1477 1061 1548 conari,

165 1566 346 1624 consuesset,
357 1554 598 1628 Autophrodatem
609 1553 638 1609 in
651 1554 864 1630 Cappadociam
878 1555 970 1614 mittit.
1002 1557 1061 1614 Hic
1081 1561 1099 1614 2

163 1651 201 1690 ne
223 1633 327 1690 intrare
349 1644 457 1707 posset,
483 1633 594 1698 saltum,
618 1633 648 1689 in
674 1651 729 1706 quo
755 1632 867 1689 Ciliciae
888 1646 975 1708 porte
997 1646 1063 1692 sunt

164 1711 236 1780 site,
260 1711 397 1768 Datames
419 1729 618 1786 preoccupare
640 1711 756 1768 studuit.
799 1711 859 1768 Sed
885 1722 942 1769 tarn
969 1713 1099 1770 suhito3

165 1790 264 1864 copias
285 1789 452 1846 contrahere
472 1807 530 1847 non
549 1789 648 1863 potuit.
685 1790 711 1846 A
725 1808 780 1862 qua
793 1807 823 1846 re
838 1790 984 1864 depulsus,
996 1811 1061 1848 cum

164 1888 200 1925 ca
221 1887 317 1937 manu,
343 1886 427 1940 quam
454 1877 642 1936 contraxerat,
666 1867 761 1924 locum
782 1867 890 1942 delegit
911 1870 1006 1937 talem,
1031 1880 1061 1926 ut

163 1965 256 2021 neque
272 1947 469 2003 circumiretur
483 1947 518 2002 ab
532 1945 672 2015 hostibus,
685 1964 779 2018 neque
793 1946 950 2020 preteriret
963 1945 1062 2002 adver·

164 2026 268 2094 sarius,
281 2025 349 2098 quin
364 2025 534 2099 ancipitibus
548 2024 621 2081 locis
636 2035 820 2098 premeretur,
835 2034 873 2091 et,
884 2024 910 2080 si
924 2023 1060 2081 dimicare

165 2103 256 2180 [cum]
280 2122 316 2160 eo
334 2103 431 2173 vellet,
444 2121 502 2160 non
516 2104 632 2160 multum
652 2103 756 2162 obesse
777 2101 924 2162 multitudo
938 2100 1063 2158 hostium

163 2201 223 2239 sua
238 2181 375 2257 paucitati
388 2193 496 2256 posset.

204 2260 291 2317 Vlll.
313 2260 386 2317 Haec
408 2261 463 2316 etsi
477 2259 706 2335 Autophrodates
721 2259 843 2329 videbat,
856 2270 951 2317 tamen
966 2259 1062 2318 statuit
1083 2263 1096 2318 1

165 2339 313 2414 congredi,
328 2357 411 2412 quam
426 2357 490 2395 cum
504 2339 590 2395 tantis
611 2339 704 2413 copiis
725 2339 867 2415 refugere,
881 2350 929 2396 sut
942 2351 998 2396 tarn
1012 2339 1061 2397 diu

164 2435 221 2474 uno
236 2417 301 2473 loco
315 2416 427 2474 sedere.
469 2417 602 2474 Habebat
614 2417 794 2474 barbarorum
813 2418 938 2490 equiturn
950 2417 1060 2492 viginti,
1080 2421 1098 2474 2

164 2495 292 2570 peditum
306 2509 419 2552 centum
432 2495 600 2569 miliaquos
615 2495 657 2551 illi
670 2495 815 2552 Cardacas
824 2496 1061 2570 appellantejus·

165 2573 287 2647 demque
302 2575 417 2649 generis
431 2573 485 2629 tria
500 2573 687 2630 funditorum:
710 2585 848 2646 preterea
859 2573 1061 2647 Cappadocum

165 2661 241 2720 octo,
255 2651 454 2708 Armeniorum
468 2651 580 2719 decem,
595 2650 810 2726 Paphlagonum
824 2651 957 2724 quinque,
970 2650 1060 2725 Phry·

165 2747 234 2803 gum
247 2729 359 2798 decem,
374 2729 518 2804 Lydorum
532 2729 664 2803 quinque,
679 2727 890 2803 Aspendiorum
905 2739 934 2784 et
948 2728 1060 2786 Pisida·

165 2824 228 2862 rum
252 2807 366 2864 circiter
387 2809 448 2875 tria,
474 2807 599 2867 Cilicum
620 2807 686 2876 duo,
709 2807 911 2882 Captianorum
935 2806 1060 2876 totidem,

166 2901 204 2940 ex
230 2884 343 2941 Graecia
369 2885 570 2943 conductorum
591 2886 645 2941 tria
668 2884 791 2961 [milis]:
814 2885 888 2941 levis
915 2896 1060 2942 armatura

164 2963 320 3019 maximum
332 2981 489 3020 numerum.
530 2963 594 3020 Has
613 2963 750 3019 adversus
771 2962 870 3036 copias
885 2980 954 3035 spes
967 2961 1059 3018 omnis
1080 2964 1098 3017 3

166 3041 342 3097 consistebat
356 3040 470 3097 Datami
483 3041 514 3097 in
527 3059 560 3098 sa
574 3040 688 3116 locique
702 3049 818 3096 natura:
840 3056 961 3112 namque
974 3038 1059 3112 hujus

164 3128 276 3193 partem
289 3136 346 3183 non
360 3118 481 3175 habehat
494 3118 661 3175 vicesimam
674 3115 804 3174 militum.
846 3115 957 3180 Quibus
971 3115 1060 3172 fretus

166 3195 305 3264 conflixit,
320 3195 600 3269 adversariorumque
621 3197 709 3252 multa
728 3194 807 3250 milia
828 3191 962 3262 concidit,
975 3210 1059 3266 quum

165 3273 204 3330 de
213 3271 304 3347 ipsius
317 3274 444 3330 exercitu
452 3291 507 3330 non
522 3274 643 3348 amplius
654 3272 799 3330 hominurn
806 3269 885 3328 milla
894 3270 1060 3328 cecidisset,

167 3351 263 3416 Quam
275 3352 311 3407 ob
326 3366 442 3407 causam
460 3360 574 3426 postero
587 3351 635 3407 die
655 3362 790 3426 tropeum
809 3349 913 3425 posuit,
926 3368 981 3422 quo
995 3350 1060 3408 loco

163 3427 259 3504 pridie
286 3440 440 3502 pugnatum
464 3438 533 3485 erat.
575 3429 653 3485 Hinc
680 3447 764 3502 quum
792 3440 887 3484 castra
913 3427 1099 3499 movisset,4

165 3523 336 3581 semperque
344 3505 568 3580 inferiorcopiis,
577 3506 840 3580 superioromnibus
849 3507 957 3580 proeliis
966 3507 1061 3564 disce·

165 3583 257 3652 deret,
284 3584 359 3656 quod
384 3602 534 3658 numquam
558 3602 672 3640 manum
698 3594 872 3654 consereret,
897 3585 956 3648 nisi
976 3603 1061 3658 quum

165 3661 347 3718 adversmms
370 3662 497 3718 locorum
518 3661 657 3736 angustiis
685 3662 838 3718 clausisset
862 3663 949 3736 (quod
969 3663 1060 3735 perito

164 3740 315 3815 regionum
336 3739 496 3812 callideque
517 3739 653 3812 cogitanti
674 3757 750 3813 sepe
771 3739 951 3812 accidebat):
975 3739 1099 3793 Anto-5

163 3817 331 3895 phradates,
346 3835 430 3891 quum
450 3817 556 3874 bellum
575 3815 642 3873 duci
661 3817 768 3891 majore
791 3815 869 3890 regis
889 3813 1060 3883 calamitate,
