2646 4462
229 437 269 496 24
465 431 522 494 IV.
558 439 588 508 4,
605 441 634 496 5.
672 435 893 521 (Pausanias.)

232 579 376 653 putabant,
387 579 485 636 detali
495 589 607 654 tamque
620 581 697 636 claro
708 581 769 637 viro
778 580 990 657 suspicionibus
1001 591 1132 657 oportere

229 656 354 732 judicari
380 668 409 713 et
421 650 657 732 exspectanduml
672 657 738 715 dum
752 678 784 716 se
799 660 863 734 ipsa
876 678 924 716 res
939 660 1072 734 aperiret.

197 739 210 792 1
273 734 362 793 lv.1
396 735 468 792 erim
486 737 620 811 Argilius¹
638 737 762 810 quidam,
784 739 1026 808 adolescentulus,
1046 758 1132 813 quum

209 835 221 869 1
234 811 385 886 epistolam
394 815 429 870 ab
441 833 476 871 eo
490 815 526 870 ad
537 816 708 871 Artabazum
719 817 892 892 accepisset,
904 817 987 890 eique
998 817 1027 873 in
1039 817 1132 893 suspi-

211 913 226 949 τ
234 892 348 970 cionem
356 893 493 962 venisset,
506 893 612 969 aliquid
626 893 656 949 in
671 913 706 950 ea
720 894 756 950 de
771 914 803 951 se
816 913 883 951 esse
898 895 1042 970 scriptum,
1057 895 1132 968 quod

233 988 318 1026 nomo
328 987 425 1027 eorum
439 971 583 1040 rediisset,
597 971 646 1047 qui
660 990 747 1047 super
765 973 814 1030 tali
830 992 918 1030 causa
933 973 1035 1030 eodem
1048 973 1131 1030 missi

234 1059 324 1118 erant,
338 1050 454 1106 vincula
476 1049 605 1124 epistolae
626 1051 741 1119 laxavit,
757 1051 895 1125 signoque
917 1051 1044 1107 detracto
1065 1070 1132 1127 eog-

193 1127 320 1197 2novit‚
342 1127 367 1183 si
388 1129 562 1202 pertulisset,
585 1127 640 1185 sibi
663 1147 730 1185 esse
755 1129 979 1202 pereundumn(
991 1129 1081 1186 Erant
1102 1130 1133 1186 in

207 1249 213 1266 .
234 1205 337 1262 eadem
351 1205 482 1282 epistola,
497 1225 558 1280 quae
573 1206 609 1262 ad
623 1225 659 1262 ea
672 1207 859 1280 pertinebant,
871 1226 932 1281 quae
946 1207 1021 1264 inter
1034 1227 1133 1284 regern
1167 1263 1168 1266 ,

207 1309 210 1321 ·
235 1284 464 1360 Pausaniamque
486 1295 688 1341 convenerant.
730 1284 793 1342 Has
816 1285 865 1342 ille
886 1287 995 1342 litteras
1017 1285 1132 1362 ephoris

195 1366 213 1418 3
234 1363 357 1421 tradidit.
413 1363 480 1421 Non
504 1373 550 1419 est
576 1364 772 1436 pretereunda
797 1365 922 1438 gravitas
948 1364 1132 1423 Lacedaemo·

234 1442 345 1498 niorum
363 1440 419 1497 hoo
438 1442 513 1498 loco.
555 1442 632 1498 Nam
651 1460 689 1497 ne
710 1441 794 1520 hujus
819 1443 934 1515 quidem
953 1442 1061 1500 indicio
1080 1443 1131 1499 im·

234 1519 311 1592 pulsi
325 1531 398 1588 sunt,
409 1531 440 1576 ut
454 1519 626 1577 Pausaniam
642 1520 934 1594 comprehenderent;
948 1540 1042 1594 neque
1053 1521 1132 1597 prius

236 1597 292 1652 vim
315 1597 506 1654 adhibendam
529 1609 705 1674 putaverunt,
719 1617 803 1671 quam
824 1598 942 1673 seipse
963 1599 1146 1656 indicasset.-

170 1679 219 1736 jd·
236 1674 335 1751 Itaque
350 1674 418 1733 huic
433 1676 532 1745 indici,
547 1676 613 1749 quid
627 1676 690 1732 fieri
703 1677 822 1745 vellent,
837 1689 1043 1750 praecepemnt.
1078 1679 1133 1734 Fa·

234 1772 301 1810 num
329 1753 457 1828 Neptuni
486 1765 530 1812 est
557 1755 680 1824 Taenari,
703 1754 778 1828 quod
800 1755 902 1810 violari
925 1755 1008 1812 nefas
1035 1767 1134 1832 putant

237 1833 341 1890 Graeci.
377 1833 422 1890 Eo
432 1831 481 1891 ille
495 1834 584 1890 index
598 1833 742 1909 confugit3
764 1832 794 1889 in
808 1852 858 1889 ara
871 1834 1011 1890 consedit.
1047 1834 1132 1891 Hanc

232 1912 313 1987 juxta
327 1913 422 1969 locum
436 1912 566 1972 fecerunt
580 1915 632 1970 sub
646 1924 730 1983 terra,
745 1931 783 1969 ex
802 1931 858 1988 quo
878 1922 978 1986 posset
992 1913 1092 1980 audiri,
1106 1913 1133 1968 si

235 1991 302 2064 quis
327 1991 394 2066 quid
418 1993 580 2066 loqueretur
604 2010 669 2048 cum
692 1992 814 2067 Argilio.
855 1991 922 2047 Huc
951 2010 988 2047 ex
1017 1989 1132 2064 ephoris

162 2073 214 2128 2f5
235 2071 350 2142 qnidam
364 2071 613 2128 descenderunt-6
626 2070 796 2139 Pausanias,
809 2079 842 2125 ut
862 2070 976 2137 audivit,
991 2067 1132 2142 Argilium

235 2148 401 2222 confugisse
416 2150 447 2204 in
467 2168 553 2218 aram,
567 2149 746 2222 perturbatus
761 2148 840 2203 venit
853 2165 898 2202 eo.
929 2147 1035 2214 ,Quem
1048 2163 1133 2218 quum

236 2227 398 2300 supplicem
420 2225 477 2282 Dei
491 2226 602 2281 videret
622 2225 652 2280 in
673 2243 722 2280 ara
742 2224 901 2291 sedentem,
915 2224 1022 2296 quaerit,
1036 2241 1133 2280 causae

235 2303 355 2376 qnidsit
364 2314 426 2359 tam
439 2301 588 2379 repentino
610 2301 745 2358 consilio:
783 2301 860 2357 Huic
882 2300 942 2369 ille,
956 2301 1023 2374 quid
1038 2319 1075 2356 ex
1088 2301 1133 2357 lit·

197 2385 215 2437 6
235 2380 305 2437 teris
326 2382 523 2457 comperisset,
537 2381 637 2455 aperit.
679 2379 768 2435 Modo
781 2378 874 2452 magis
896 2379 1054 2436 Pausanias
1069 2397 1133 2454 per·

188 2524 191 2530 ,
213 2496 220 2511 »
236 2461 362 2516 turbatus
381 2478 464 2516 orare
479 2459 574 2532 coepit,
588 2477 625 2515 ne
640 2457 810 2526 enuntiaret,
824 2475 880 2512 neo
895 2476 937 2526 se,
951 2457 1082 2514 meritum
1096 2457 1132 2513 de

236 2538 288 2599 ille
301 2538 417 2614 optime,
431 2538 573 2614 proderet.
582 2546 600 2584 Μ
615 2535 701 2600 Quod
720 2535 746 2591 si
759 2554 825 2610 eam
840 2535 952 2592 veniam
967 2535 1022 2592 sibi
1037 2536 1132 2594 dedis-

236 2625 291 2685 set,-
312 2616 453 2690 tantisque
475 2615 651 2690 implicatum
671 2615 756 2670 rebus
777 2614 966 2684 sublevasset,
979 2633 1083 2688 magno
1104 2613 1133 2670 ei
1191 2612 1193 2616 ’

235 2695 351 2768 praemio
364 2693 496 2751 futurumr

199 2772 220 2828 1·
276 2772 313 2828 V.
346 2772 403 2830 His
425 2775 510 2830 rebus
532 2771 633 2846 ephori
658 2770 780 2847 cognitis
802 2771 891 2856 satius
911 2781 1088 2845 putaverunt,
1102 2771 1133 2827 in

212 2853 386 2912 .,urbeeu1n
407 2850 620 2926 comprehendi.
662 2851 728 2916 Quo
741 2868 827 2924 quum
841 2861 941 2906 essent
960 2849 1089 2926 profecti,
1105 2860 1134 2906 et

198 2959 202 2968 ·
238 2930 408 3000 Pausanias,
427 2930 540 3005 placato
562 2929 682 3004 Argilio,
705 2939 736 2985 ut
755 2931 879 3004 putabat,
895 2929 1134 2986 Lacedaemonem

192 3050 195 3055 .
236 3020 442 3067 reverteretur:
465 3010 495 3064 in
508 3009 620 3077 itinere,
635 3027 720 3084 quum
737 3009 798 3083 jam
817 3007 847 3064 in
861 3026 897 3064 eo
912 3018 1000 3078 esset,
1013 3018 1044 3064 ut
1058 3024 1134 3062 com·

236 3087 471 3162 prehenderetur,
487 3107 524 3143 ex
537 3088 616 3143 vultu
637 3086 785 3162 cujusdam
806 3085 915 3158 ephori,
929 3085 978 3160 qni
999 3103 1064 3141 eum
1085 3083 1157 3158 ad,

197 3169 353 3222 amouere
375 3166 517 3239 cupiebat,
538 3163 658 3220 insidias
681 3163 743 3235 sibi¹
756 3161 818 3218 fieri
840 3163 991 3218 intellexit.
1002 3185 1017 3228 p
1033 3162 1132 3233 Itaque

236 3244 337 3316 paucis
360 3253 425 3299 ante
445 3241 588 3315 gradibus,
605 3257 689 3312 quam
709 3241 757 3312 qui
778 3240 977 3312 sequebantur,
991 3237 1022 3292 in
1043 3237 1140 3293 aedem'

238 3320 385 3387 Minerva,
407 3335 471 3393 quae
488 3318 642 3394 χαλκίοικος
668 3326 793 3384 vocatur,
818 3314 954 3389 confugit.
996 3314 1074 3371 Hinc
1094 3334 1132 3371 no

239 3397 317 3452 exire
338 3406 446 3470 posset,
461 3396 555 3452 statim
576 3392 676 3468 ephori
690 3394 787 3449 valvas
810 3393 872 3466 ejus
892 3391 962 3448 aedis
986 3394 1132 3448 obstruxe-

238 3485 310 3544 runt,
332 3484 493 3547 tectumque
519 3482 584 3530 sunt
608 3472 744 3540 demoliti,
768 3489 823 3545 quo
848 3470 962 3526 facilius
987 3471 1040 3527 sub
1067 3469 1133 3526 divo

200 3558 217 3611 3
238 3553 376 3610 interiret.
398 3553 519 3620 Dicitur,
534 3570 569 3607 eo
582 3561 709 3624 tempore
721 3559 839 3605 matrem
851 3549 1003 3606 Pausaniae
1013 3548 1133 3617 vixisse,

240 3649 359 3707 eamque
371 3632 431 3706 jam
443 3648 547 3704 magno
561 3639 637 3697 natu,
651 3638 801 3702 postquam
815 3627 851 3682 do
866 3627 979 3683 scelere
993 3627 1045 3683 filii
1057 3644 1133 3682 com-

239 3711 321 3788 perit,
336 3710 365 3766 in
385 3709 485 3784 primis
509 3708 545 3763 ad
566 3707 656 3763 filium
680 3705 871 3763 claudendum
890 3705 1015 3778 lapidem
1036 3705 1071 3761 ad
1091 3705 1134 3761 in-

200 3799 218 3849 4
239 3797 350 3848 troitum
374 3787 444 3845 aedis
466 3786 606 3843 attulisse.
649 3785 700 3841 Sic
725 3783 884 3841 Pausanias
911 3783 1043 3859 magnam
1065 3783 1135 3841 belli
