2646 4462
252 464 291 522 10
523 459 549 521 Ι.
572 467 602 534 2,
619 465 647 521 3.
693 457 891 539 (Miltiades.)

209 609 228 662 4
248 599 380 738 fumali
392 603 458 661 Hoc
483 605 592 661 oraculi
616 622 756 680 responso
774 605 929 662 ‘Miltiades
940 591 1015 661 ‘cum
1034 604 1148 661 delecta

248 701 334 740 manu
381 701 446 738 asse
463 681 679 739 Chersonesum
699 683 844 756 profectus
864 701 949 756 quum
972 683 1149 740 accessisset

250 759 399 830 Lemnum,
410 771 440 816 et
450 760 562 817 incolas
574 761 636 836 ejus
648 761 750 817 insulae
764 763 817 818 sub
830 771 1002 836 potestatem
1015 761 1147 835 redigere

248 839 340 895 vellet
354 837 583 908 Atheniensium,
598 839 684 912 idque
699 839 813 896 Lemnii
828 858 881 895 sua
895 849 996 913 sponte
1011 837 1148 906 lacerent,

211 922 229 974 5
250 917 441 992 postulasset:
464 917 508 973 illi
522 917 674 974 irridentes
688 918 906 992 responderunt,
920 927 979 973 tum
993 916 1023 972 id
1037 936 1070 972 se
1090 915 1148 972 lac-

250 1004 338 1063 turos,
353 1013 438 1068 quum
454 995 514 1064 ille,
529 996 612 1052 domo
626 995 747 1051 navibus
766 996 955 1070 proficiscens
969 1005 1056 1050 vento
1072 994 1149 1067 aqui·

251 1073 326 1141 lone,
340 1073 472 1130 venisset
491 1073 640 1132 Lemnum.
683 1072 741 1129 Hic
762 1073 839 1129 enim
852 1084 965 1141 ventuS,
980 1073 1015 1128 ab
1034 1082 1149 1146 septen·

234 1151 388 1207 'trionibus
407 1152 513 1220 oriem,
532 1151 683 1220 adversum
701 1159 781 1206 tenet
800 1148 922 1206 Athenis
941 1148 1149 1225 proficiscenti·

213 1233 231 1286 6
251 1231 314 1285 bus.
356 1229 514 1296 Miltiades,
536 1227 665 1288 morandi
687 1238 799 1302 tempus
822 1246 879 1284 non
900 1227 1020 1296 habens,
1035 1246 1150 1284 cursum

251 1306 364 1376 direxit,
379 1326 434 1380 quo
449 1305 592 1376 tendebat,
607 1304 793 1380 pervenitque
810 1305 1035 1370 Chersonesum.

214 1389 229 1442 1
291 1386 332 1442 11.
354 1385 399 1441 Ibi
409 1384 489 1441 brevi
500 1394 627 1458 tempore
642 1385 824 1440 barbarorum
835 1384 928 1459 copiis
940 1385 1081 1460 disjectis,
1091 1393 1151 1440 tota

251 1463 380 1537 regione,
389 1480 473 1535 quam
483 1461 613 1536 petierat,
621 1463 737 1536 potitus,
748 1463 813 1519 loca
823 1464 951 1519 castellis
961 1463 1065 1519 idonea
1074 1479 1150 1518 com-

251 1540 379 1608 munivit,
401 1539 618 1609 multitudinem,
643 1559 727 1614 quam
751 1559 851 1597 secum
871 1541 999 1610 duxerat,
1020 1541 1050 1597 in
1072 1539 1149 1616 agris

213 1622 231 1674 2
254 1617 415 1686 collocavit,
426 1617 589 1694 crebrisque
600 1619 818 1675 excursionibus
829 1619 1024 1692 locupletavit.
1045 1619 1150 1692 Neque

249 1695 345 1752 minus
366 1695 397 1750 in
418 1715 454 1752 ea
471 1715 502 1752 re
523 1696 681 1770 prudentia,
696 1715 780 1769 quam
801 1696 948 1766 felicitate,
964 1697 1075 1772 adjutus
1095 1705 1150 1752 est.

225 1797 232 1846 (
253 1773 329 1830 Nam
343 1791 429 1846 quum
438 1774 540 1832 virtute
554 1775 675 1839 militum
688 1774 813 1831 hostium
823 1775 982 1831 devicisset
996 1775 1158 1844 exercitus,t

253 1870 363 1908 summa
374 1852 562 1925 equitatores
574 1853 720 1910 constituit
722 1863 824 1926 ,atque
838 1853 901 1928 ipse
917 1853 1024 1908 ibidem
1034 1869 1150 1908 manere

215 1933 232 1986 3
254 1929 391 1988 decrevit.
434 1929 505 1987 Erat
518 1931 596 1987 enim
610 1931 684 1987 inter
698 1949 750 1988 eos
755 1931 903 2021 dignitate
917 1932 1007 2007 regia,
1021 1931 1150 2021 quamvis

254 2009 370 2066 carebat
382 2009 516 2078 nomine3
537 2028 631 2084 neque
643 2009 672 2066 id
686 2010 778 2098 magis
793 2011 922 2087 imperio,
933 2029 1017 2084 quam
1031 2009 1151 2086 justitia,

254 2083 438 2144 consecutus.
463 2091 471 2138 1
479 2089 583 2163 Neque
599 2107 634 2145 eo
654 2089 752 2148 secius
767 2089 1004 2157 Atheniensibus,
1018 2107 1036 2144 a
1049 2088 1151 2161 quibus

255 2176 315 2223 erat
332 2165 487 2253 profectus,
501 2167 597 2222 officia
616 2163 793 2240 prestabat*
818 2168 929 2254 Quibus
950 2168 1036 2222 rebus
1056 2167 1151 2236 fiebat,

253 2253 354 2299 utnon
372 2243 465 2299 minus
483 2262 583 2299 eorum
597 2245 740 2300 voluntate
760 2256 898 2318 perpetuo
917 2244 1066 2318 imperium
1080 2245 1151 2300 obti-

253 2331 344 2389 neret,
359 2321 407 2394 qui
420 2321 567 2391 miserant,
581 2339 665 2394 quam
679 2322 800 2390 illorum,
816 2341 881 2377 cum
894 2322 995 2394 quibus
1011 2332 1071 2377 erat
1087 2340 1151 2396 pro-

215 2403 234 2455 4
254 2397 357 2454 fectus.
380 2398 566 2456 Chersoneso
578 2399 627 2455 tali
638 2400 721 2455 modo
733 2399 894 2469 constitute,
905 2399 1045 2456 Lemnum
1056 2418 1151 2456 rever-

254 2474 329 2565 titur,
344 2487 373 2533 et
394 2495 430 2534 ex
451 2488 536 2551 pacto
556 2477 690 2551 postulat,
703 2489 734 2533 ut
754 2478 810 2533 sibi
826 2479 924 2534 urbem
942 2477 1061 2534 tradant.
1076 2511 1081 2518 Α
1103 2476 1151 2535 1111

255 2555 332 2611 enim
352 2555 492 2624 dixerant,
512 2573 607 2628 quum,
623 2563 708 2611 vento
728 2557 816 2613 borea
836 2557 919 2612 domo
939 2555 1094 2630 proiectus,
1116 2574 1151 2614 eo

254 2634 445 2706 pervenisset,
454 2652 522 2690 sese
532 2633 692 2702 dedlturos
707 2653 740 2689 se
750 2645 844 2690 autem
853 2632 1151 2690 domumChersonesr

216 2715 235 2766 5
255 2710 372 2778 habere.
396 2711 516 2799 utCeres,
530 2712 579 2784 qui
593 2722 652 2766 tum
667 2677 806 2767 Lemnum
820 2697 991 2780 incolebam,
1007 2711 1062 2768 etsi
1081 2730 1152 2787 prra-

254 2797 298 2844 ter
325 2787 489 2861 opinionem
516 2808 565 2846 res
593 2789 747 2859 ceciderat,
770 2800 875 2878 tamen,
901 2799 960 2846 nori
987 2789 1073 2860 dicto,
1098 2789 1152 2847 sed

255 2865 385 2924 secunda
401 2866 513 2924 fortuna
526 2833 752 2925 adversariorum
767 2868 852 2944 capti,
865 2869 1002 2926 resistere
1018 2869 1080 2925 ausi
1093 2886 1152 2924 non

254 2955 320 3000 sunt
331 2955 414 3019 atque
426 2965 463 3002 ex
473 2946 569 3003 insula
579 2947 780 3037 demigrarunt.
793 2951 798 2994 1
810 2947 877 3004 Pari
888 2938 1026 3004 felicitate
1039 2957 1151 3004 ceteras

254 3021 374 3092 insulas,
397 3043 458 3098 que
479 3025 627 3100 Cyclades
647 3027 838 3096 nominantur,
857 3027 910 3082 sub
930 3025 1152 3130 Atheniensium

254 3099 393 3176 redegit
381 3114 560 3178 potestatem.
648 3151 650 3158 ι
1214 3166 1216 3170 ,

218 3181 232 3236 l
274 3179 332 3236 111.
374 3180 496 3237 Eisdem
519 3179 694 3256 temporibus
720 3182 874 3238 Persanuu
897 3198 949 3237 rex
973 3179 1089 3249 Darius,
1114 3197 1152 3236 ex

331 3257 1151 3398 ιιιιιιιιιιιιιιιιιιι

253 3365 394 3482 flumine,
408 3431 464 3486 qua
492 3413 593 3488 coplas
626 3413 797 3471 traduceret
849 3414 922 3490 Ejus
949 3414 1053 3489 pontis,
1084 3415 1152 3474 dum

254 3491 320 3567 ipse
341 3493 477 3560 abesset,
489 3492 625 3548 custodes
647 3491 762 3565 reliquit
782 3493 940 3568 principes,
956 3511 1028 3567 quoe
1051 3510 1152 3550 secum

256 3587 294 3626 ex
314 3569 397 3626 Ionia
417 3579 446 3626 et
459 3569 578 3626 AEolide
599 3570 736 3640 duxerat,
757 3571 859 3644 quibus
881 3571 1003 3646 singulis
1024 3570 1151 3646 ipsarum

215 3653 235 3722 2
256 3647 367 3705 urbium
385 3658 525 3722 perpetua
539 3649 657 3705 dederat
672 3649 801 3724 imperia.
844 3649 895 3705 Sic
916 3649 993 3706 enim
1013 3648 1150 3705 facillime

254 3727 365 3802 putavit
388 3745 421 3783 se
447 3725 550 3783 Groecr'r
574 3727 671 3802 lingui
694 3727 855 3801 loquentes,
876 3727 926 3800 qui
948 3727 1049 3784 Asiam
1072 3726 1151 3781 inco-

254 3807 356 3875 lerent,
380 3805 433 3862 sub
457 3824 511 3863 sua
537 3816 711 3862 retenturum
736 3815 888 3880 potestate,
909 3805 939 3890 si
963 3804 1065 3861 amicis
1089 3803 1151 3862 suis
