2646 4462
239 416 268 472 8.
499 452 505 464 ·
589 431 766 474 nantario.

236 569 363 642 infamia,
390 573 493 648 partim
522 571 642 630 humilia
669 583 753 648 atque
781 574 819 630 ab
846 571 998 633 honestate
1028 585 1137 632 remota

197 678 216 732 θ
235 687 386 752 ponuntur.
436 677 544 734 Contra
568 697 604 733 ea
631 677 768 753 pleraque
791 679 898 735 nostris
921 679 1048 738 moribus
1072 689 1138 736 sunt

235 779 352 850 decora,
371 800 433 854 quae
455 780 532 857 apud
555 763 622 838 il'los
644 782 738 857 turpia
759 793 900 857 putantur.
942 782 1038 848 Quem
1060 782 1137 839 enim

237 883 430 941 Romanorum
449 885 538 960 pudet
556 903 676 946 uxorem
696 886 802 943 ducere
823 886 853 943 in
874 886 1058 944 convivium?
1089 897 1148 970 aut¹

180 993 185 1005 '
223 989 317 1064 eujus
341 1007 399 1045 non
422 987 637 1048 materfamilias
664 991 785 1065 primun
812 990 908 1048 locum
930 1001 1011 1047 tenet
1034 975 1148 1048 adium*

194 1095 216 1150 'Y
236 1103 320 1168 atque
334 1093 365 1150 ia
379 1071 546 1151 celebritate
561 1071 710 1150 uersatur?
752 1094 839 1173 Quod
857 1095 945 1150 multo
964 1096 995 1151 fit
1008 1094 1091 1151 aliter
1105 1095 1136 1151 in

237 1196 360 1263 Graecia.
402 1197 478 1255 Nam
491 1217 586 1271 neque
601 1198 631 1254 in
646 1197 808 1254 convivium
822 1197 981 1268 adhibetur,
994 1199 1052 1255 nisi
1070 1217 1135 1273 pro·

233 1304 420 1380 pinquorum3
440 1322 535 1377 neque
550 1279 645 1373 aedat,
659 1303 717 1360 nisi
731 1303 761 1360 in
775 1303 910 1360 interiore
927 1313 1007 1379 parte
1023 1303 1134 1373 aedium,

233 1426 296 1483 quae
312 1410 491 1486 γυναικωνῖτις
504 1407 673 1482 appellatur,
688 1425 744 1482 quo
758 1426 843 1464 nemo
858 1407 981 1478 accedit,
994 1408 1052 1464 nisi
1070 1426 1134 1484 pro-

195 1517 213 1570 8
233 1514 340 1590 pinqua
353 1513 525 1588 cognatione
540 1514 720 1589 conjunctus.
757 1514 817 1575 Sed
830 1513 879 1570 hio
894 1513 976 1590 plura
989 1513 1133 1591 persequi,

232 1627 292 1674 tum
305 1616 470 1691 magnitudo
484 1617 638 1674 voluminis
657 1616 799 1692 prohibet,
812 1629 871 1674 tum
884 1617 1039 1688 festinatio,
1053 1629 1085 1674 ut
1098 1637 1134 1675 ea

233 1719 387 1795 explicem,
412 1737 475 1792 qua
500 1737 630 1777 exorsus«
646 1739 719 1778 sum.
772 1721 869 1786 Quare
894 1719 930 1776 ad
957 1719 1133 1794 propositum

231 1823 381 1881 veniemus
393 1833 422 1879 et
432 1823 462 1879 in
472 1823 528 1880 hoo
540 1842 717 1901 exponemus
728 1824 801 1884 libro
812 1823 849 1881 de
860 1825 918 1882 vita
929 1823 1133 1888 excellentium

232 1927 447 2004 Imperatorum.
