2646 4462
265 497 308 558 56
532 485 619 548 XIV.
642 492 673 548 6.
718 483 901 565 (Datames.)

261 637 357 697 lentur
380 633 416 691 ad
443 650 541 690 eorum
567 632 735 708 perniciem,
762 647 879 704 quorum
902 628 989 686 ductu
1015 647 1062 687 res
1086 629 1161 689 male

262 725 353 792 gestae
364 711 537 769 nuntientur.
579 711 665 767 Illum
678 709 734 765 hoc
746 709 852 784 majore
867 707 927 763 sore
942 707 970 763 in
986 707 1162 778 discrimine,

262 792 347 868 qaod,
360 791 461 865 quibus
477 807 528 846 rex
541 788 665 845 maxime
676 785 800 861 obediat,
811 804 862 842 eos
877 786 982 842 babeat
994 786 1162 843 inimicissi-

223 876 336 928 limos.
376 867 497 925 'l'alibus
518 867 567 924 ifle
588 865 692 922 litteris
707 865 841 940 cognitis,
854 881 939 937 quum
956 865 1015 939 jam
1029 865 1064 921 ad
1078 884 1163 921 exer·
1207 881 1211 886 ·

263 948 351 1006 citum
361 947 444 1003 Acen
452 944 675 1018 venissetquod
688 961 744 1000 non
753 943 910 1018 ignorabat,
919 961 954 998 ea
962 960 1030 998 vere
1045 943 1162 1017 scripta,

263 1024 431 1083 desciscere
453 1043 470 1080 a
489 1042 559 1098 rege
575 1022 729 1080 constituit.
771 1021 874 1094 Neque
895 1031 990 1076 tamen
1011 1020 1162 1094 quicquam

224 1105 244 1160 6
263 1102 431 1176 lecit,.quod
444 1101 500 1158 lide
515 1119 567 1157 sna
582 1110 662 1157 esset
674 1099 831 1173 indignum.
872 1098 949 1154 Nam
964 1098 1162 1155 Mandroclem

263 1181 429 1256 Magnetem
442 1179 581 1236 exercitui
595 1177 740 1253 praelecit3
765 1176 828 1250 ipse
843 1195 908 1231 cum
921 1175 982 1232 suis
1003 1176 1033 1232 in
1048 1177 1161 1251 Cappa-

263 1259 375 1318 dociam
384 1253 1162 1334 disceditconjunctamquehuicPaphlagoniamoccu·

276 1369 325 1410 w
381 1348 438 1412 pat,
453 1339 561 1406 celans,
579 1354 635 1409 qua
647 1336 791 1392 voluntate
808 1347 888 1391 esset
901 1335 931 1391 in
945 1354 1058 1410 regem,
1087 1337 1162 1393 clam

263 1429 284 1459 a
296 1419 323 1459 ⁰³
334 1429 356 1458 ¹¹·
382 1434 447 1472 cum
462 1416 652 1472 Ariobarzane
664 1413 733 1470 facit
747 1413 911 1482 amicitiam,
920 1432 1034 1471 manum
1048 1433 1161 1489 compa-

262 1503 314 1564 rat,
328 1496 414 1552 urbes
427 1493 550 1550 munitas
564 1492 625 1549 suis
640 1492 761 1548 tuendas
774 1491 868 1548 tradit.

226 1577 240 1630 l
276 1617 281 1630 ,
304 1572 357 1630 Vl.
381 1571 442 1628 Sed
454 1571 517 1628 boec
531 1583 646 1645 propter
658 1569 784 1627 hiemale
792 1582 904 1646 tempus
918 1570 1012 1627 minus
1023 1589 1160 1645 prospere

262 1649 466 1725 procedebant:
507 1647 604 1718 Audit,
618 1649 733 1707 Pisidas
746 1649 883 1722 quasdam
904 1649 1004 1724 copias
1024 1649 1161 1706 adversm

263 1747 297 1784 se
311 1745 421 1802 parare.
464 1726 487 1784 F
490 1725 570 1783 ilinrn
594 1745 630 1783 eo
651 1727 804 1784 Arsideum
826 1745 892 1783 cunr
915 1727 1043 1784 exercitu
1066 1728 1161 1784 mittit.

264 1805 350 1863 Cadit
363 1805 393 1862 in
413 1804 513 1881 proelio
528 1805 709 1862 adolescens.
751 1805 946 1862 Proficiscitur
960 1823 996 1861 eo
1009 1815 1090 1880 pater
1102 1825 1160 1863 non

263 1884 304 1942 ita
317 1901 382 1940 cum
395 1901 498 1958 magna
510 1901 604 1952 manu,
615 1885 865 1956 celans,quantum
873 1884 975 1939 vulnus
987 1885 1161 1958 accepisset,

263 1962 338 2037 quod
358 1962 437 2037 prius
452 1961 489 2017 ad
511 1961 625 2019 hostem
644 1961 794 2036 pervenire
817 1960 958 2036 cupiebat,
971 1979 1055 2034 quarn
1077 1962 1114 2018 de
1128 1981 1161 2018 rc

263 2041 338 2098 male
361 2050 444 2116 gesta
467 2039 542 2096 sarua
562 2039 599 2097 ad
623 2059 691 2097 suos
712 2040 883 2114 perveniret,
907 2048 954 2096 ne*
971 2039 1085 2114 cognita
1108 2041 1161 2096 filii

224 2122 243 2176 2
263 2129 353 2176 morte
368 2117 454 2176 animi
478 2117 692 2176 debilitarentur
715 2119 844 2175 militum.
887 2117 953 2184 Quo
967 2117 1161 2187 contenderat,

263 2196 404 2272 pervenit,
417 2196 520 2269 hisque
543 2198 618 2254 locis
632 2209 726 2253 castra
745 2196 834 2271 ponit,
847 2206 878 2253 ut
901 2214 994 2269 neque
1014 2195 1161 2253 circumiri

263 2273 442 2330 multitidine
463 2274 689 2330 adversariorum
708 2286 816 2349 posset,
830 2291 923 2349 neque
944 2274 1086 2349 impediri,
1105 2293 1161 2348 quo

225 2355 243 2409 3
263 2352 358 2408 minus
372 2350 408 2407 ad
422 2351 614 2408 dimicandum
627 2371 741 2408 manum
753 2351 872 2410 haberet
886 2353 1058 2427 expeditam:
1090 2353 1162 2410 Erat

264 2447 331 2486 cum
343 2447 380 2486 eo
399 2427 655 2499 Mithrobarzanes,
669 2445 755 2487 socer
773 2431 846 2507 ejus,
859 2431 1011 2506 praelectus
1025 2431 1159 2505 equitum.

263 2507 304 2577 Is,
323 2507 484 2582 desperatis
506 2507 606 2582 generi
627 2509 722 2578 rebus,
745 2508 781 2566 ad
804 2509 903 2566 hostes
924 2509 1083 2585 transfugit.
1126 2508 1161 2566 ld

263 2585 402 2644 Datames
426 2596 456 2642 ut
481 2585 596 2656 audivit,
619 2588 719 2656 sensit,
741 2587 768 2644 si
791 2587 821 2644 in
844 2589 954 2644 turbam
978 2588 1096 2658 exisset,
1125 2589 1161 2645 ab

262 2662 379 2721 homine
403 2674 462 2720 tam
474 2665 643 2722 necessario
663 2684 696 2723 se
718 2666 858 2733 relictum,
868 2665 1004 2734 futurum,
1017 2677 1050 2722 ut
1070 2666 1161 2722 ceteri

223 2747 243 2799 4
263 2741 416 2798 consilium
424 2753 618 2816 sequerentur.
639 2745 674 2801 ln
682 2744 783 2819 vulgus
793 2744 866 2801 edit:
887 2762 941 2801 suo
945 2744 1028 2819 jussu
1039 2743 1162 2800 Mithro-

262 2819 415 2876 baratinam
436 2820 595 2895 profectum
617 2841 670 2896 pro
688 2821 817 2898 pertirga,
830 2840 885 2895 quo
898 2821 1012 2879 facilius
1025 2833 1161 2898 receptus

262 2896 438 2955 interficeret
456 2897 567 2956 hostes.
608 2900 705 2967 Quare
719 2900 841 2975 relinqui
855 2919 921 2956 eum
934 2918 990 2957 nou
1010 2919 1062 2974 par
1082 2919 1161 2970 esse,

263 2984 293 3032 et
306 2993 406 3034 omnes
421 2977 573 3035 confestim
587 2979 681 3053 sequi:
700 2978 785 3046 Quod
799 2979 825 3035 si
839 2979 934 3036 animo
947 2987 1062 3036 strenuo
1072 2979 1161 3036 fecis·

262 3064 337 3124 sent,
350 3053 481 3126 futurum,
495 3067 526 3113 ut
539 3055 696 3114 adversarii
709 3075 767 3114 non
780 3067 900 3132 possent
911 3055 1061 3127 resistcre,
1075 3077 1161 3132 quum

223 3135 242 3188 5
263 3141 294 3191 et
315 3132 390 3190 intra
401 3133 509 3191 vallum
528 3143 558 3191 et
581 3133 651 3192 loris
672 3135 859 3194 crederentur.
901 3135 967 3194 Hac
981 3153 1013 3192 re
1033 3138 1160 3211 probata,

262 3210 421 3268 exercitum
449 3211 555 3280 educit,
585 3212 846 3270 Mithrobarzanem
873 3213 1072 3290 persequitur;
1111 3216 1160 3288 qui

260 3296 369 3346 tartum
378 3288 453 3362 quod
466 3289 503 3344 ad
516 3287 615 3345 hostes
629 3302 807 3363 pervenerat,
817 3291 954 3349 Datames
970 3292 1053 3368 signa
1061 3291 1161 3350 inferri

222 3365 242 3422 d
258 3364 349 3440 jubet.
387 3365 517 3434 'Pisidae
540 3383 613 3422 nova
633 3385 665 3426 re
680 3369 822 3439 commoti,
836 3369 866 3426 in
888 3370 1053 3446 opinionem
1074 3371 1161 3427 addu-

262 3451 372 3529 cuntur,
395 3441 531 3517 perfugas
558 3445 633 3500 mala
659 3445 716 3502 fide
745 3449 958 3523 compositoque
986 3448 1104 3518 secisse,
1130 3459 1163 3505 ut

260 3531 372 3594 recepts
386 3532 486 3577 essent
503 3522 603 3598 majori
617 3524 782 3583 calamitati.¹
822 3527 949 3584 Primum
962 3545 1014 3584 eos
1029 3527 1162 3584 adoriun-

260 3603 316 3652 tur.
356 3596 402 3654 llli
425 3616 519 3672 quum,
532 3600 600 3672 quid
620 3614 761 3676 ageretur,
776 3615 823 3660 aut
842 3623 929 3679 quare
944 3605 1034 3674 fieret,
1049 3605 1161 3680 ignora·

260 3683 333 3744 rent,
348 3676 441 3732 coacti
456 3687 530 3746 sunt,
545 3680 667 3736 cumeis
688 3697 826 3756 pugnare,
840 3683 877 3738 ad
889 3702 961 3757 quos
982 3685 1161 3753 transierant,

262 3753 298 3809 ab
318 3752 420 3828 hisque
434 3765 520 3824 stare,
533 3774 609 3829 quos·
618 3757 800 3832 reliquerant.
843 3761 955 3825 Quibus
969 3779 1055 3835 quum
1067 3760 1160 3819 neutri

222 3833 242 3888 7
261 3842 420 3908 parcerent,
430 3833 563 3890 celeriter
576 3837 772 3895 suntconcisi.
794 3838 933 3912 Reliquos
949 3839 1065 3896 Pisidas
1074 3840 1160 3898 resis-
