2646 4462
183 431 187 440 ι
261 352 302 410 to
556 347 612 408 lX.
636 353 665 410 4.
709 350 856 426 (Conon.)
917 430 922 439 ι

254 503 391 561 maneret,
406 493 527 550 valebat.
569 493 671 566 Neque
697 491 726 548 id
749 493 916 563 mirandum,
938 495 964 551 si
987 513 1045 552 non
1069 495 1157 553 facile

256 573 291 629 ad
306 571 479 628 credendum
494 571 695 641 adducebatur,
716 571 918 642 reminiscens,
932 574 994 648 ejus
1015 593 1048 629 se
1069 593 1157 648 opera

215 651 365 725 2Cyrum
399 649 514 706 fratrem
540 668 705 723 superasse.
760 650 857 725 Hujus
880 649 1037 708 accusandi
1066 653 1170 726 gratia.

257 730 356 786 Cenon
369 747 386 783 a
397 726 581 786 Pharnabazo
591 727 626 784 ad
637 746 734 801 regem
748 729 864 798 missus,
875 740 1059 804 posteaquam
1068 731 1156 800 venit,

254 805 376 881 primum
391 824 428 870 ex
441 823 519 862 more
544 806 695 861 Persarum
718 806 753 862 ad
775 805 974 884 chiliarchum,
989 807 1037 880 qui
1052 827 1155 864 secun·

255 885 321 942 dum
335 884 453 958 gradum
467 883 580 958 imperii
589 885 712 952 tenebat,
722 884 908 941 Tithrausten
917 885 1053 953 accessit,
1065 905 1154 959 seque

255 963 379 1022 ostendit
393 981 459 1019 cum
472 980 541 1036 rege
556 961 680 1035 colloqui
694 963 780 1018 velle.
822 963 917 1020 Nemo
932 962 1009 1020 enirn
1020 963 1083 1020 sine
1098 963 1154 1021 hoc

216 1046 234 1098 3
256 1039 419 1098 admittitur.
445 1061 448 1068 ¹
469 1040 547 1098 Huic
571 1040 631 1108 ille,
655 1041 741 1108 nollo,
760 1040 860 1114 inquit,
874 1061 950 1098 moro
964 1053 1023 1110 cst,·
1040 1043 1104 1098 ⁸scd
1124 1054 1154 1098 tu

255 1119 382 1188 delibera,
395 1130 488 1176 utrum
509 1119 623 1194 colloqui
641 1119 732 1186 molis,
753 1139 851 1194 anper
871 1120 979 1176 litteras
993 1140 1082 1195 agere,
1096 1141 1153 1194 qma

256 1201 370 1274 cogitas.
412 1198 532 1256 Necesse
545 1208 588 1254 est
601 1199 680 1264 enim,
691 1199 718 1252 si
728 1197 758 1252 in
771 1208 941 1272 compertam
951 1200 1066 1267 veneris,
1077 1219 1153 1254 veae-

255 1280 353 1334 mrito
373 1297 463 1352 regem
488 1275 575 1350 (quod
590 1278 729 1352 «gorzensis
744 1273 789 1331 illi
802 1275 928 1350 vocant).
969 1275 1033 1332 Hoc
1057 1278 1083 1332 si
1104 1278 1155 1332 tibi

251 1377 339 1432 grove
351 1366 402 1423 ost,
422 1374 475 1430 per
487 1374 527 1413 me
548 1353 633 1410 nihilo
651 1355 743 1410 secius-
761 1354 844 1410 editis
867 1355 1006 1411 mandatis
1019 1356 1153 1434 conficiar,

215 1439 234 1492 4
255 1435 327 1509 qaod
348 1433 452 1490 stodor.
494 1432 570 1488 Tum
592 1431 703 1499 Conon,
726 1432 793 1488 milri
816 1452 887 1500 vere,
912 1431 1012 1506 inquit,
1035 1454 1088 1490 aon
1113 1444 1154 1490 ert

251 1532 348 1588 grove,
361 1512 483 1585 quemme
496 1501 621 1566 honorem
634 1509 730 1567 tabeo
744 1513 822 1586 regi,·
837 1511 1037 1580 reticereque
1048 1513 1155 1568 civitati

254 1610 317 1646 nice
331 1591 370 1645 sit
384 1609 398 1644 o
412 1589 532 1664 probriu,
547 1590 582 1656 si,
596 1607 683 1662 quum
697 1609 730 1644 ec
744 1609 776 1645 eo
789 1591 841 1645 sim
852 1587 1001 1665 profectus,
1014 1610 1071 1664 quo
1087 1601 1153 1645 cete-

254 1670 296 1724 ris
306 1610 436 1743 gentibpus
447 1669 578 1742 imperare
589 1669 765 1735 consueverit,
773 1669 867 1743 potius
878 1667 1062 1736 barbarorum,
1073 1688 1153 1742 quom

255 1747 340 1812 illias,
354 1765 425 1802 more
436 1743 557 1821 sangar.
599 1745 708 1817 ltaque,
722 1764 783 1818 qua
799 1745 892 1822 [huic]
909 1746 1032 1815 volebat,
1047 1746 1153 1820 scripta

254 1822 379 1882 tradidit.
1094 1871 1097 1879 .

218 1909 231 1961 1
295 1902 348 1960 IV.
401 1901 513 1968 Quibus
537 1901 672 1977 cognitio,
694 1919 746 1958 rex
767 1912 874 1958 tantum
898 1900 1063 1959 auctoritate
1089 1903 1152 1978 ejus

278 2013 315 2052 ³04
372 1991 465 2038 motus
484 1990 537 2050 est,
554 1991 584 2036 ut
598 1991 626 2036 et
641 1980 869 2055 Tissaphernem
882 1979 1153 2056 hostemjudicave-

155 2087 157 2091 ·
254 2072 273 2100 ι
286 2063 310 2102 ⁰·
326 2073 347 2102 ¹¹·
374 2061 418 2129 rit,
440 2070 469 2116 et
483 2058 719 2116 Lacedaemonios
730 2060 806 2116 bello
826 2059 960 2134 persequi
981 2059 1109 2134 jusserit,
1123 2070 1153 2114 et

255 2137 283 2194 ei
291 2138 462 2212 permiserit,
471 2157 556 2210 quem
564 2138 662 2206 vellet,
672 2137 781 2214 eligere
793 2137 829 2193 ad
838 2137 1060 2214 dispensandam
1066 2156 1152 2216 pecu·

254 2216 341 2272 niam.
383 2215 417 2272 Id
426 2216 571 2272 arbitrium
582 2217 683 2272 Conon
694 2216 809 2289 negavit
823 2215 867 2272 sui
883 2235 949 2275 esse
965 2215 1089 2284 consilii,
1098 2215 1152 2271 sed

254 2293 356 2368 ipsius,
370 2294 418 2366 qui
432 2293 536 2367 optime
552 2312 619 2349 suos
633 2312 720 2349 nosse
736 2293 870 2362 deberet;
893 2293 946 2350 sed
966 2313 998 2350 se
1020 2293 1152 2362 suadere,

215 2378 233 2428 2
256 2371 443 2428 Pharnabazo
463 2369 493 2426 id
512 2371 622 2446 negotii
641 2371 730 2426 daret.
773 2371 850 2428 Hinc
862 2372 973 2446 magnis
987 2373 1151 2429 muneribus

255 2451 374 2515 donatus
390 2449 517 2505 adulare
536 2460 581 2506 est
593 2449 708 2518 missus,
723 2460 753 2505 ut
768 2449 894 2524 CypriiS,
909 2461 938 2506 et
955 2449 1151 2518 Phoenicibus,

256 2528 416 2601 ceterisque
430 2527 577 2588 maritimis
594 2526 757 2584 civitatibus
771 2545 860 2584 naves
874 2529 974 2604 longas
989 2527 1150 2603 imperaret,

255 2608 444 2680 classemque,
455 2623 510 2679 qua
523 2601 651 2680 proxima
665 2613 762 2663 aestate
777 2607 941 2682 mare-tueri
956 2617 1063 2682 posset,
1074 2625 1151 2662 com-

254 2695 383 2760 pararet:
407 2684 473 2740 dato
493 2683 623 2760 adjutore
637 2683 831 2754 Pharnabazo,
847 2681 998 2760 sicutipse
1013 2685 1150 2750 voluerat.

216 2768 233 2820 3
255 2763 289 2820 ld
302 2774 333 2819 ut
355 2760 583 2820 Lacedaemoniis
605 2774 650 2819 est
673 2762 839 2832 nuntiatum,
853 2781 910 2819 non
931 2762 994 2820 sine
1009 2781 1151 2818 curarem

255 2841 493 2908 administratum,
515 2841 589 2914 qued
616 2842 708 2917 majus
734 2842 841 2898 bellum
865 2840 1012 2896 imminere
1035 2841 1151 2903 arbitra-

237 2956 239 2960 ·
253 2921 362 2987 bantur,
375 2937 460 2992 quam
474 2919 500 2976 si
514 2939 579 2976 cum
593 2921 711 2977 barbaro
725 2921 818 2977 solum
831 2918 1045 2975 contenderent.
1074 2918 1103 2975 N
1105 2937 1151 2974 am

183 3019 190 3031 ·
255 2998 359 3055 ducem
379 2997 479 3060 sortem
499 2999 721 3072 prudentemque
735 2997 824 3073 regiis
839 2996 940 3073 opibus
961 2996 1150 3072 p‘raesuturum,

255 3096 289 3134 ac
304 3095 404 3135 secum
428 3075 625 3132 dimicaturum
638 3075 780 3144 videbant,
802 3094 886 3148 quem
909 3093 1002 3147 neque
1018 3073 1151 3142 consilio,

215 3159 347 3228 ⁴ineque
372 3153 465 3228 copiis
488 3172 623 3227 superare
647 3162 775 3227 possent.
818 3153 883 3209 Hac
903 3161 998 3207 mente
1019 3171 1065 3207 ma
1105 3170 1152 3207 am

278 3261 315 3301 ,Μ
373 3226 1060 3303 contrahuntolassem3proficiscunturPisandro
1084 3247 1150 3285 uce.

254 3319 278 3362 ιι
287 3310 311 3348 0·
323 3320 344 3348 ι·
374 3307 439 3362 Hos
456 3307 558 3362 Conon
572 3304 647 3378 apud
668 3304 791 3360 Cnidum
805 3302 918 3359 adortus
932 3319 1036 3376 magno
1049 3305 1151 3379 proelio

255 3383 343 3456 sugat,
365 3383 468 3438 multas
489 3400 578 3438 naves
603 3382 687 3456 capit,
712 3381 873 3454 complures
895 3378 1035 3452 deprimit.
1085 3381 1152 3447 Qua

256 3459 375 3515 victoria
396 3477 455 3515 non
478 3459 570 3514 solnm
594 3459 723 3526 Athena,
750 3457 803 3514 sed
831 3457 918 3512 etiam
942 3467 1045 3516 cuncta
1072 3459 1151 3516 Grae·

257 3537 311 3604 cia,
325 3555 387 3609 quae
401 3538 453 3593 sub
475 3534 755 3592 Lacedaemoniorum
775 3535 866 3592 suerat
886 3535 1015 3611 imperio,
1031 3536 1152 3593 liberata

217 3621 236 3674 5
258 3623 311 3672 est.
354 3613 455 3670 Conon
470 3632 535 3670 cum
554 3624 634 3688 parte
648 3614 763 3670 navium
777 3614 807 3670 in
820 3613 940 3688 patriam
953 3613 1041 3684 venit,
1055 3632 1151 3671 muros

256 3693 395 3750 dirutosa
416 3691 575 3766 Lysandro,
591 3704 724 3763 utrosque
746 3702 775 3748 et
797 3691 899 3749 Piraesr
915 3701 945 3747 et
966 3691 1151 3758 Athenarum,
