2646 4462
373 478 593 556 x11.1,2‚a.
638 480 828 562 (ouem.)
1005 492 1048 560 se

187 625 212 684 Ι.
254 623 406 694 Chabrias,
421 624 619 686 Atheniensis.
661 625 720 690 Hic
743 645 855 704 qnoque
878 627 909 688 in
929 631 1085 693 summisl

147 703 261 760 habitus
273 715 319 760 est
326 704 457 772 ducibus,
466 723 570 778 resque
576 706 681 762 ,multas
689 706 826 764 memoria
834 707 936 782 dignas
947 711 1048 785 gessit.

150 782 212 838 Sed
222 781 550 838 exhiselucetmaxime
560 782 929 860 inventumejusiuproelio,
992 811 1035 854 m

148 859 224 932 quod
238 859 313 935 apud
333 860 452 918 Thebes
466 859 545 928 iecit,
558 879 643 934 qumn
663 861 784 919 Boeetiis
801 864 930 922 subsidio
962 872 983 902 ⁸⁸
995 863 1019 902 ⁰·
1031 874 1053 907 Ι·

148 937 289 994 venisset.
331 937 463 1010 Namque
489 937 518 994 iu
533 956 569 994 eo
583 938 702 995 victoria
723 940 828 998 fidente
849 958 959 1000 summe
973 943 1086 1002 ducet

149 1015 298 1090 Agesilao,
307 1014 412 1089 fugatis
420 1017 480 1090 jam
489 1013 524 1072 ab
533 1033 569 1072 ee
578 1016 760 1084 conductitiis
770 1018 902 1087 catervis,
910 1021 1049 1094 reliquam

148 1093 323 1168 phalangem
346 1094 411 1150 loco
432 1095 521 1150 vetuit
542 1094 657 1163 cedere,
678 1095 838 1168 obnixoque
860 1115 936 1170 genu
956 1103 1047 1168 scuto,

148 1172 278 1246 projecta
301 1169 384 1226 hasta
402 1171 539 1248 impeturn
562 1171 699 1246 excipere
722 1172 847 1230 hostium
868 1173 973 1232 docuit.
1014 1175 1049 1236 ld

148 1267 253 1306 nevum
262 1248 417 1323 Agesilaus
432 1261 572 1306 contuens
586 1249 719 1324 progredi
732 1262 846 1308 nonest
860 1270 959 1320 auena,
967 1269 1048 1309 suos-

149 1345 205 1400 que
217 1328 276 1401 jam
289 1327 469 1383 incurrentes
484 1327 550 1383 tuba
563 1328 717 1384 revocavit.
759 1328 826 1384 Hoc
840 1347 929 1402 usque
944 1347 980 1386 eo
991 1340 1049 1388 teta
1068 1334 1086 1390 ³

151 1405 265 1461 Graecia
285 1404 360 1462 sama
374 1406 548 1463 celebratum
563 1415 617 1472 est,
629 1417 661 1462 ut
680 1405 730 1462 illo
745 1416 819 1462 statu
834 1405 974 1464 Chabrias
993 1407 1050 1466 sibi

148 1493 271 1539 statuam
282 1483 347 1540 lieri
360 1482 491 1551 veluerit,
511 1501 573 1555 quae
595 1483 709 1556 publice
725 1483 753 1540 ei
774 1484 808 1540 ab
823 1483 1048 1545 Atheniensibus

148 1562 179 1618 in
203 1559 265 1616 soro
289 1560 441 1616 constituta
455 1570 508 1616 est.
550 1559 675 1632 Exque
698 1560 872 1630 factumest,
894 1573 925 1622 ut
947 1574 1050 1638 postea

148 1639 263 1696 athletae
273 1639 418 1712 ceterique
427 1638 552 1698 artifices
564 1636 609 1694 his
619 1637 738 1695 statibus
753 1639 783 1696 in
792 1639 891 1699 statuis
905 1641 1047 1715 ponendis

149 1728 305 1783 uterentur,
318 1716 419 1788 quibus
431 1715 579 1772 victoriam
593 1725 693 1772 essent
707 1716 813 1790 adepti.

189 1795 229 1852 ΙΙ.
252 1792 392 1850 Chabrias
404 1804 498 1851 autem
509 1794 596 1851 multa
609 1793 639 1850 in
655 1793 771 1870 Europa
783 1795 861 1852 bella
871 1795 1048 1854 administra·
1070 1800 1084 1854 1

148 1873 198 1942 vit,
212 1889 298 1945 quum
311 1870 368 1927 dux
382 1871 603 1928 Atheniensium
627 1883 723 1940 esset;
748 1871 778 1930 in
799 1873 928 1947 AEgypto
988 1897 1027 1937 aas

148 1971 202 2008 sua
223 1959 324 2022 sponte
349 1947 450 2022 gessit.
502 1950 578 2006 Nam
600 1949 782 2006 Nectenebin
805 1951 931 2025 adjutum
966 1946 1049 1986 *Μ

148 2027 304 2104 prefectus,
331 2044 450 2101 regnum
477 2027 505 2083 ei
529 2027 684 2085 coustituit.
738 2027 822 2084 Fecit
846 2028 923 2084 idem
947 2025 1086 2101 Cypri‚2

117 2144 122 2149 -
148 2105 202 2162 sed
222 2105 338 2179 publice
359 2106 393 2160 ab
408 2103 634 2162 Atheniensibus
660 2105 799 2179 Evagorae
822 2104 931 2180 adjutor
967 2135 1030 2184 [πῃ

110 2249 113 2258 ,
149 2183 251 2250 datus;
271 2201 365 2255 neque
386 2183 465 2257 prius
487 2183 554 2238 inde
577 2181 724 2251 discessit,
739 2201 821 2255 quem
843 2193 930 2242 tetam
954 2183 1048 2234 &stul

149 2261 273 2320 insulam
287 2261 363 2318 bello
377 2259 561 2316 devinceret:
587 2279 642 2334 qua
656 2278 695 2317 ex
714 2279 745 2318 re
761 2260 956 2320 Athenienses
969 2277 1049 2336 mag·

148 2357 215 2396 narn
236 2337 357 2414 gloriam
371 2349 436 2396 sunt
459 2337 565 2413 adepti.
607 2337 845 2396 Interimbellum
858 2338 931 2394 inter
980 2368 1016 2408 ῃ
1068 2340 1086 2395 3

151 2417 308 2492 AEgyptios
323 2426 352 2472 et
367 2416 474 2482 Persas
489 2416 704 2476 condatumest.
733 2415 929 2472 Athenienses
953 2426 974 2456 e.
990 2417 1015 2458 ⁰·
1027 2427 1049 2458 ι

150 2515 215 2552 cmn
223 2499 382 2558 Artaxerxe
393 2494 561 2552 societatem
575 2493 734 2562 habebant,
757 2492 969 2554 Lacedaemooii
983 2511 1050 2550 cum

150 2572 309 2649 AEgyptiis,
338 2591 355 2628 a
385 2572 486 2644 quibus
513 2590 631 2646 magnas
665 2571 775 2646 praedas
803 2571 967 2645 Agesilaus,
997 2587 1049 2626 rex

150 2669 257 2720 eornm,
271 2651 404 2706 iaciebat.
449 2648 478 2704 ld
491 2649 604 2706 intuens
620 2649 769 2718 Chabrias,
784 2667 868 2722 quum
882 2648 912 2704 in
925 2665 956 2703 re
970 2646 1050 2703 nulle

150 2729 289 2804 Agesilao
314 2729 439 2796 cederet,
466 2746 519 2783 sua
550 2738 650 2802 sponte
679 2745 729 2783 eos
755 2727 880 2801 adjutum
903 2723 1048 2800 profectus

151 2808 299 2882 AEgyptiae
313 2805 402 2865 classi
416 2805 534 2879 prefuit,
548 2804 728 2879 pedestribus
743 2805 834 2878 copiis
850 2802 1014 2878 Agesilaus.

190 2886 248 2944 lll.
288 2885 364 2940 Tum
388 2883 515 2956 praesecti
538 2879 616 2956 regis
643 2882 751 2938 Persiae
772 2882 883 2954 legatos
910 2879 1082 2938 miseruntl

153 2963 281 3020 Athenas
315 2972 454 3034 questum,
487 2960 563 3033 qued
598 2958 739 3015 Chabrias
774 2957 925 3012 adversum
950 2973 1049 3028 regem

150 3042 258 3098 bellum
266 3050 380 3114 gereret
391 3057 456 3095 cum
467 3037 625 3112 AEgyptiis.
648 3033 843 3092 Athenienses
854 3032 931 3087 diem
942 3043 1050 3087 certam

152 3118 284 3175 Chabriae
297 3117 516 3191 praestituerunt,
530 3133 613 3189 quam
629 3123 693 3169 ante
709 3112 821 3167 domum
841 3107 899 3165 nisi
915 3107 1048 3176 redisset,

151 3196 255 3270 capitis
282 3214 315 3250 se
343 3195 423 3251 illum
450 3191 631 3248 damnaturos
658 3188 866 3246 denuntiarunt.
907 3177 973 3242 Hoc
997 3184 1048 3240 ille

150 3273 249 3332 nuntio
273 3272 403 3330 Athenas
427 3269 520 3339 rediit,
545 3286 639 3343 neque
663 3266 703 3323 ibi
724 3264 829 3323 diutius
850 3273 895 3322 est
914 3271 1048 3331 moratus,

151 3368 234 3426 quem
247 3345 300 3410 fuit
312 3367 449 3405 necesse.
489 3347 557 3404 Non
569 3347 645 3403 enim
658 3345 780 3412 libenter
794 3351 854 3399 erat
867 3348 933 3397 ante
948 3331 1047 3398 oculos
1067 3343 1086 3399 2

152 3429 257 3484 civium
279 3445 410 3484 suorum:
441 3425 516 3499 quod
540 3435 569 3480 et
592 3423 705 3479 vivebat
726 3421 812 3489 laute,
834 3424 866 3476 'et
885 3415 1049 3494 indulgebat

150 3505 206 3565 sibi
220 3503 378 3572 liberalius,
392 3521 476 3577 quam
493 3513 525 3560 ut
538 3501 674 3559 invidiam
688 3499 766 3574 vulgi
789 3507 890 3571 posset
909 3495 1047 3571 effugere.

151 3583 207 3642 Est
231 3582 308 3640 enirn
336 3579 391 3637 hec
416 3596 565 3637 commune
586 3578 685 3638 vitium
709 3577 739 3636 in
760 3575 871 3650 magnis
893 3573 1047 3638 liberisue
1068 3574 1086 3630 3

150 3659 325 3726 civitatibus,
336 3669 366 3714 ut
375 3656 483 3713 invidia
496 3655 593 3730 gloriae
608 3672 705 3710 comes
720 3654 806 3722 sit,·et
819 3647 941 3709 libenter
955 3591 1048 3705 dehis

149 3737 309 3804 detrahant,
332 3734 552 3808 quoseminere
571 3732 686 3788 videant
710 3731 812 3808 altius,
836 3745 929 3800 neque
954 3725 1048 3781 animo

149 3831 230 3896 aeque
250 3830 394 3896 pauperes
409 3811 534 3874 alienam
548 3809 723 3890 opulentiam
741 3806 885 3874 intuuntur
898 3803 1046 3860 fortunam.
