2646 4462
450 428 522 490 ιιι.
546 435 575 490 ι.
619 429 835 510 (araneas.)
1046 439 1087 496 aa

188 575 250 650 ejus
265 593 362 663 opera.
405 575 504 648 Itaque
520 586 548 632 et
563 575 672 632 Sicilire
696 578 841 647 amissum,
863 587 892 634 et
906 579 1110 637 Lacedaemo-²

186 655 297 709 nicrum
308 653 443 708 victorias
459 655 549 734 culpae
564 672 622 710 sure
637 655 796 712 tribuebant
798 658 889 730 ,quod
904 658 1024 713 talem
999 677 1089 715 virum

187 731 335 788 coivitate
351 727 540 805 expulissent.
583 733 685 805 Neque
706 733 737 790 id
761 733 824 790 sine
850 754 939 792 causa
960 736 1087 792 arbitrari

186 810 364 866 videbantur.
409 810 484 866 Nam
498 821 645 883 postquam
658 811 797 870 exercitui
812 831 937 887 praeesse
953 825 1087 888 coeperat,

186 906 280 961 neque
305 898 390 956 terra,
404 905 498 960 neque
519 889 590 944 mari
610 887 710 944 hostes
732 907 818 963 pares
833 908 899 946 esse
925 902 1135 964 potuerant&

186 965 253 1022 Hic
255 977 291 1024 ut
312 966 411 1022 anari
436 983 572 1040 egressus
587 977 641 1034 est,
654 985 822 1039 quamquam
844 967 1042 1026 Theramenes
1058 981 1087 1026 et
1108 973 1125 1026 3

187 1045 388 1118 Thrasybulus
397 1044 508 1100 eisdem
517 1045 604 1100 rebus
612 1009 790 1118 piaefuerant,
799 1045 938 1118 simulque
949 1059 1087 1104 venerant

185 1123 216 1178 in
232 1123 390 1180 Piraeum:
417 1133 512 1178 tamen
526 1121 606 1178 illurn
619 1140 706 1177 unum
719 1139 820 1178 omnes
835 1126 1085 1196 prosequebantur,

186 1213 224 1268 et,
239 1201 269 1257 id
293 1200 368 1274 quod
387 1218 539 1272 numquam
554 1214 639 1255 antea
655 1219 708 1256 usu
722 1213 849 1270 venerat,
863 1201 920 1257 nisi
946 1203 1085 1278 Olympiae

111 1315 115 1322 .
186 1280 351 1346 dictoribus,
377 1279 491 1334 coronis
514 1278 610 1333 aureis
635 1279 779 1351 reneisqne
807 1280 892 1354 vulgo
920 1280 1110 1337 donabatur!
1121 1291 1132 1303 ⁶

188 1359 242 1414 llle
257 1355 410 1413 lacrimans
424 1357 511 1412 talem
524 1357 755 1412 benevolentiam
767 1357 872 1413 civium
886 1376 1000 1414 suorum
1009 1359 1086 1416 acci·
1138 1377 1142 1384 ’

185 1437 292 1510 plebat,
306 1435 497 1490 reminiscens
510 1431 624 1508 pristini
638 1435 773 1508 temporis
789 1437 980 1492 acerbitatem.
983 1438 1086 1494 uPost-
1106 1443 1125 1495 4

185 1533 270 1587 quam
293 1523 356 1582 astu
368 1512 457 1583 venit,
472 1513 613 1599 concione
635 1513 773 1568 advocata
795 1514 838 1568 sic
853 1516 941 1570 verba
965 1514 1043 1584 secit,
1054 1527 1085 1572 ιιι

185 1611 272 1649 nemo
285 1603 342 1648 tarn
356 1590 434 1646 ferus
449 1590 543 1658 suerit,
561 1590 630 1663 quin
652 1591 714 1665 ejus
729 1609 829 1647 casum
850 1575 1040 1662 lacrimarit,'
1032 1593 1086 1650 rni-

185 1671 346 1744 micumque
355 1667 457 1725 liis‘se
473 1633 640 1736 osteirderit,
654 1687 771 1742 quorum
780 1688 873 1750 opera
886 1672 975 1760 patria
987 1674 1085 1746 pulsus
1099 1689 1130 1720 t

185 1749 287 1817 suerat,
312 1747 432 1822 proinde
459 1766 492 1802 ac
516 1746 542 1802 si
563 1747 636 1802 alius
651 1748 782 1822 populus,
803 1766 860 1804 non
881 1750 952 1805 ille'
945 1768 1018 1823 ipse,
1037 1751 1086 1824 qui

185 1841 245 1884 tum
266 1828 362 1895 flebat,
376 1845 442 1882 aum
466 1824 612 1906 sacrilegii
635 1825 808 1881 damnasset.
850 1825 993 1884 Restituta
1018 1833 1124 1903 erg05

185 1906 276 1962 huic
269 1916 335 1961 sunt
348 1905 462 1978 publice
477 1901 572 1971 bona,
591 1893 733 1990 iidemque
744 1903 789 1958 illi
799 1903 975 1979 Eumolpidae
991 1923 1086 1962 sacer-

185 1985 269 2040 dotes
284 1981 381 2040 rbrsus
396 2001 544 2038 resacrare
559 1992 624 2038 sunt
627 1982 740 2058 coacti,
754 1982 801 2054 qui
817 2001 880 2036 eum
895 1983 1085 2052 devoverant3

184 2065 307 2152 pilaeque
317 2046 410 2129 illae,
403 2080 434 2116 ιιι
457 2051 592 2142 quibus
575 2049 689 2116 ᾱθιοι1ο
713 2058 818 2115 suerat·
809 2059 944 2133 scripta,
959 2060 989 2116 in
1008 2079 1114 2127 mare

184 2140 379 2216 praecipitatae.

161 2285 164 2290 Δ
227 2219 296 2276 VII.
319 2218 390 2274 Hac
407 2217 551 2274 Alcibiadi
609 2215 672 2273 titia
691 2234 847 2273 nonninus
872 2216 924 2273 suit
946 2218 1085 2275 diuturna.
1109 2223 1122 2276 l

186 2299 263 2355 Nam
287 2315 373 2372 quum
387 2296 416 2352 ei
440 2314 539 2352 omnes
561 2307 660 2352 essent
682 2293 806 2352 honores
831 2296 950 2364 decreti,
974 2308 1085 2370 totaque

185 2374 361 2463 respublica
358 2373 440 2430 dorni
454 2374 579 2447 bellique
599 2373 710 2444 tradita,
725 2384 755 2429 ut
769 2373 854 2438 unius
876 2375 1033 2431 arbitrio
1004 2394 1085 2450 gere-

186 2467 280 2524 retur;
302 2465 331 2510 et
351 2454 425 2528 ipse.
430 2451 613 2525 postulasset,
628 2462 658 2507 ut
672 2452 726 2508 dno
740 2452 796 2508 sibi
811 2453 929 2526 college
943 2437 1086 2522 darentur,

187 2533 387 2621 Thrasybulus
411 2541 440 2585 et
464 2529 643 2597 Adimantus,
664 2547 757 2602 neque
783 2529 811 2584 id
833 2541 967 2604 negatum
988 2540 1104 2587 esset:

187 2612 306 2669 classe'
296 2629 355 2685 Jam
371 2609 400 2665 in
412 2608 511 2664 Asiam
525 2606 680 2694 profectus,
691 2607 765 2683 quod
780 2607 853 2681 apud
869 2608 980 2694 Cymen
993 2608 1085 2665 minus

188 2708 225 2746 ex
240 2688 382 2756 sententia
403 2687 464 2742 reni
487 2695 626 2760 gesserat,
641 2685 686 2740 in
684 2685 830 2740 invidiam
850 2685 961 2758 recidit.
970 2685 1085 2766 quhil
1105 2691 1123 2744 2

188 2767 266 2824 enim
280 2785 345 2823 eum
358 2784 415 2822 non
430 2764 546 2820 efficere
567 2781 654 2838 posse
669 2763 820 2818 ducebant.
861 2704 912 2819 Eri
922 2781 977 2837 quo
992 2765 1097 2833 fiebat

187 2857 219 2902 ut
232 2846 340 2902 omnia·
349 2844 443 2900 minus
467 2849 604 2916 pr'ospere
630 2841 788 2915 gestaejus
811 2843 901 2914 culpae
922 2842 1085 2912 tribuerent,

188 2942 272 2998 quum
287 2942 352 2979 eum
367 2932 414 2978 aut
427 2921 616 2994 negligenter,
631 2928 679 2974 aut
702 2919 844 2974 malitiose
867 2919 974 2974 fecisse
989 2920 1101 2994 loque-r

187 3013 300 3058 rentur:
322 3001 398 3056 sicut
416 3011 475 3054 tum
490 2997 603 3054 accidit.
646 2996 731 3064 Nam,
748 3008 906 3070 conuptum
926 3014 1024 3070 aroge
1040 3017 1086 3052 ca·

187 3099 257 3154 pere
274 3081 386 3154 Cymen
400 3077 539 3144 noluisse,
554 3075 718 3163 arguebant
761 3074 859 3146 ltaque
881 3073 948 3128 huic
962 3073 1084 3131 maxime
1107 3079 1124 3132 3

189 3169 318 3246 putamus
341 3157 416 3213 malo
438 3154 529 3213 fuisse
551 3153 668 3209 nimiam
687 3151 852 3226 opinionem
873 3150 982 3226 ingenii
1003 3163 1085 3224 atque

189 3237 310 3291 virtutis
352 3234 485 3291 Timebat
474 3243 518 3288 tur
532 3232 609 3287 enim
621 3249 678 3287 non
691 3231 795 3299 minus,
809 3249 892 3304 quam
907 3230 1086 3318 diligebatur,

188 3332 235 3382 ne,
250 3313 380 3369 secunda
403 3305 514 3368 fortuna
527 3310 694 3384 magnisque
715 3310 817 3384 opibus
840 3310 940 3377 elatus,
961 3309 1085 3383 tyranni·
1137 3347 1139 3354 ι

188 3391 255 3448 dem
269 3383 496 3465 concupisceret:
520 3389 630 3453 Quibus
645 3389 729 3444 rebus
744 3387 849 3444 facturn
864 3398 916 3457 est,
931 3399 962 3444 ut
975 3388 1086 3445 absenti
1175 3431 1177 3434 -

187 3469 383 3544 magistratum
398 3469 575 3541 abrogarent,
590 3477 618 3521 et
643 3461 761 3521 alium
754 3484 784 3521 m
799 3467 860 3541 ejus
876 3467 970 3522 locum
983 3467 1086 3524 substi-

187 3557 309 3603 tuerent.
324 3546 385 3602 ald
400 3547 448 3602 ille
463 3557 493 3612 ut
514 3543 630 3612 audivit,
646 3543 762 3606 domum
773 3545 877 3600 reverti
891 3545 988 3613 noluit,
1003 3556 1032 3601 et
1052 3563 1084 3601 se
1105 3546 1124 3598 4

190 3625 321 3698 Pactyen
336 3623 463 3692 οοιιιιιΙίι,
484 3619 580 3694 ibiqu'e
601 3622 791 3680 triacastella
811 3622 1001 3690 communivit,
1017 3623 1085 3677 Bor*—

188 3715 252 3769 nos,
268 3700 446 3788 Bysanthen,
462 3698 660 3766 Neontrchosu
682 3717 821 3786 manuque
843 3700 965 3755 collecta
978 3699 1135 3784 primus

192 3777 312 3835 Greciae
327 3778 450 3834 civitatis
471 3777 501 3832 in
522 3741 698 3850 Thraciain'
691 3775 806 3842 introiit,
821 3775 972 3848 gloriosius
988 3773 1084 3828 existi-
