2646 4462
276 492 321 556 aa
503 485 668 549 .x111.1.
710 486 930 565 (nmium.)

275 637 375 711 ltaque
403 633 555 702 Chabrias,
577 631 670 708 quoti
694 633 723 690 si
738 627 863 700 'licebat
885 631 1036 707 plurimum
1063 631 1171 689 aberet.

235 713 379 789 4quue
404 729 475 770 vero
502 711 580 769 solus
607 711 784 768 ille-aberat
810 709 932 768 Athenis
959 709 1092 784 libenter,
1119 709 1173 767 sed

275 809 376 851 omues
398 787 461 848 iere
484 789 631 865 prinsipes
655 789 787 846 fecerunt
807 787 901 857 idean
922 789 997 861 quod
1017 800 1124 845 tantum
1138 806 1172 844 se

274 871 311 929 ab
333 869 442 927 invidis
467 869 615 944 putabant
629 868 782 936 ebsuuroe,
809 877 988 940 quantum
1015 876 1172 940 conspectu

276 959 391 1006 tuorum
411 945 615 1003 recessissent.
665 947 764 1020 Itaque
786 945 887 1002 Conon
907 944 1066 1022 plurimum.
1082 941 1173 1018 Cypri

276 1025 356 1094 tixit,
380 1023 540 1100 Iphicrates
561 1024 590 1082 in
605 1023 740 1091 Thracia,
755 1021 925 1080 Timotheus
946 1021 1045 1090 Lesbi,
1060 1019 1173 1078 Chares

276 1104 307 1162 in
322 1093 419 1178 Sigeo.
462 1101 622 1160 Dissunilis
634 1101 750 1175 quidem
765 1101 878 1174 Chares
892 1099 993 1158 horum
1006 1111 1036 1156 et
1045 1099 1130 1157 factis
1144 1109 1175 1154 et

276 1182 401 1239 moribus
412 1201 420 1248 ;
431 1180 494 1237 -aed
508 1191 602 1236 tamen
617 1179 740 1236 Athenis
755 1190 784 1234 et
796 1175 950 1235 honoratus
965 1189 996 1234 et
1008 1188 1120 1253 potens.

240 1263 254 1317 1
316 1257 375 1316 Ν-
412 1256 552 1314 Chabrias
574 1268 668 1313 autem
691 1255 777 1332 periit
799 1256 877 1313 bellu
891 1257 995 1314 sociali
1009 1256 1059 1313 tali
1078 1255 1173 1324 mode.

278 1336 488 1412 oppugnabant
502 1333 696 1391 Athenienses
712 1334 826 1392 Chium.
858 1335 929 1391 Erat
941 1335 972 1391 in
987 1334 1083 1391 classe
1098 1333 1174 1390 Cha·

276 1415 355 1472 brias
368 1413 505 1487 privatus,
519 1411 572 1468 sed
591 1429 700 1480 omnes,
714 1412 762 1485 qui
776 1413 806 1468 in
818 1411 985 1487 magistratu
999 1422 1088 1482 eraut,
1109 1429 1175 1469 auc-

277 1492 390 1548 toritate
405 1490 538 1558 anteibat,
560 1507 679 1563 eumque
700 1489 793 1564 magis
806 1491 923 1559 milites,
937 1509 1021 1564 quant
1035 1491 1084 1564 qui
1103 1507 1175 1565 prae·

239 1573 370 1640 2erant,
393 1567 599 1642 adspiciebant.
652 1567 724 1632 Quae
748 1585 795 1623 ees
818 1568 846 1623 ei
873 1569 1023 1625 maturavit
1046 1579 1174 1624 rnortern.

280 1643 357 1703 Nam
370 1645 437 1701 dum
456 1645 565 1719 primus
578 1643 672 1701 studet
683 1653 801 1720 'portum
818 1645 933 1716 intrare,
947 1648 1175 1720 gubernatorem·

278 1740 334 1796 que
355 1723 436 1798 jubet
459 1740 495 1778 eo
508 1721 632 1797 dirigere
646 1741 760 1792 navem,
784 1723 847 1797 ipse
870 1724 926 1780 eibi
949 1725 1090 1798 perniciei
1113 1724 1175 1780 suit.

280 1799 376 1866 Quum
400 1798 477 1856 enim
501 1817 537 1857 eo
560 1811 750 1876 penetrasset,
776 1812 879 1857 ceterae
899 1819 957 1858 non
971 1804 1041 1858 sunt*
1058 1813 1174 1858 secuta.

185 1883 189 1892 '
281 1877 347 1944 Quo
361 1877 436 1934 iacto
446 1877 636 1936 circumfusus
644 1879 769 1936 hostiurn
778 1879 1175 1952 concursuquum·sortissime

242 1955 540 2032 iipug'naret,2navis,
559 1969 652 2015 rostro
675 1973 823 2033 percusse,
838 1957 925 2033 coepit
948 1957 1056 2014 sidere.
1096 1957 1175 2014 Hine

279 2033 411 2110 refugere
433 2051 519 2108 quum
541 2047 649 2111 posset,
670 2036 697 2093 si
719 2055 752 2094 se
776 2038 806 2093 in
819 2055 897 2092 mare
911 2035 1078 2110 dejecisset,
1102 2035 1177 2108 quod

280 2113 395 2170 suberat
411 2112 519 2170 ‘elassis
539 2114 770 2184 Atheniensium,
783 2133 846 2190 quae
866 2114 1015 2189 exciperet
1027 2123 1177 2181 natantes;

278 2190 373 2277 perire
394 2190 503 2259 maluit,
522 2209 607 2264 quam
631 2193 717 2248 annis
740 2193 860 2268 abjectis
881 2209 985 2271 navem
1005 2190 1178 2264 relinquere,

279 2277 311 2324 in
331 2284 387 2340 qua
400 2266 492 2323 iuerat
511 2277 633 2326 vectus
662 2270 696 2326 Id
717 2271 819 2327 ceteri·
832 2271 928 2328 iacere
949 2270 1110 2336 noluerunt,
1128 2267 1176 2341 qui

300 2363 341 2408 aa
397 2342 492 2400 nando
505 2344 535 2400 iu
556 2355 645 2401 tutum
666 2345 866 2421 pervenerunt.
907 2350 946 2405 At
968 2348 1029 2416 ille,
1042 2355 1178 2421 praetura

281 2413 373 2456 ια’·
397 2419 548 2494 honestam
572 2434 692 2480 mortem
716 2425 884 2483 existimans
907 2426 982 2502 turpi
1004 2425 1078 2494 vitus,
1102 2423 1179 2482 coni·

278 2495 373 2554 suiuus
386 2513 517 2572 pugnans
529 2498 598 2556 telis
611 2499 737 2559 hostium
749 2503 917 2561 interiectus
931 2513 986 2561 est.
1040 2535 1052 2559 ο

311 2841 313 2846 ·
402 2801 555 2926 ΧΙΠ.
609 2851 1041 2932 uinouusus.

641 3049 809 3064 m

457 3153 459 3158 ’
566 3174 876 3238 naeuusnuuu.

280 3295 376 3355 ΟᾺΡ.
392 3297 418 3356 1.
440 3299 518 3373 Ejus
529 3302 646 3362 virtutes
659 3314 686 3359 et
696 3303 781 3380 facta
791 3305 896 3363 bellica.
937 3307 982 3368 ΙΙ.
1004 3307 1074 3386 Ipsi,
1088 3307 1177 3366 Lace·

315 3371 506 3433 demoniorum
524 3379 630 3448 victori,
644 3391 739 3439 statua
757 3386 881 3458 ponitur.
922 3383 984 3442 III.
1010 3387 1100 3443 Senes
1115 3386 1176 3443 Me·

315 3449 424 3508 nerthen
433 3455 590 3528 preteritis
600 3456 744 3538 cbnnlium
757 3460 848 3518 detur.
869 3464 898 3520 A
914 3463 1039 3536 Charete,
1047 3475 1175 3542 pretore,

315 3539 464 3594 accusatas
487 3530 643 3593 damnatur.
684 3533 741 3600 IV.
762 3536 857 3602 Filius
877 3541 937 3614 ejus
962 3541 1057 3601 Conon
1081 3559 1174 3598 muros

313 3603 462 3693 rqicsreeo
489 3609 548 3665 'tun
585 3608 748 3688 Singularis
761 3619 1081 3677 amisitioetesta'monium
1090 3618 1173 3675 Jasn·

314 3701 440 3760 neserga
484 3686 636 3772 inretitum.
652 3695 655 3700 “
671 3696 686 3701 ”
1067 3692 1071 3696 ’

237 3814 251 3877 t
286 3839 289 3846 ,
314 3810 339 3882 r.
373 3779 559 3883 'ramea
581 3814 709 3923 cenni·
730 3819 816 3890 sna..
837 3781 1044 3892 Athenien-ta.-
1077 3822 1173 3892 ine·
