2646 4462
239 469 276 526 14
385 413 391 430 ·
486 463 887 540 ll.11.('1'‘lermsrocles.)

239 609 392 676 voluntate,
406 626 525 680 eamque
546 619 716 682 potestatem
735 609 860 666 bonitate
875 607 1024 666 retinebat.
1066 608 1133 664 Om-

160 697 165 705 ’
239 695 401 752 nes'eutem
415 694 443 742 et
457 685 594 743 habentur
609 696 637 742 et
651 686 781 743 dicuntur
794 686 915 760 tyranni,
929 685 977 759 qui
992 695 1132 760 potestate

200 769 219 824 4
240 774 305 821 sent
318 773 455 837 perpetua
468 763 499 818 in
514 781 549 820 en
563 763 687 832 civitate,
701 782 764 837 quae
777 764 907 820 libertate
921 782 975 820 usa
989 775 1042 820 est.
1072 763 1133 820 Sed

239 841 270 900 in
284 840 415 898 Miltiade
427 851 488 896 eret
501 859 586 914 quum
597 859 706 898 summu
719 841 889 910 humanitus,
900 851 959 900 tum
972 841 1043 898 mire
1054 860 1133 904 „com-

239 918 387 987 munires*
401 928 432 976 ut
446 936 530 983 nemo
548 930 607 976 tam
626 918 742 976 humilis
764 929 852 988 esset,
867 919 914 975 cui
933 937 991 976 non
1011 919 1047 975 ed
1068 937 1134 980 euin

172 1022 176 1030 ¹
239 997 333 1060 editus
348 1005 480 1070 pateret,
501 1015 604 1071 migne
619 997 771 1054 auctoritas
786 998 860 1072 apud
877 1015 976 1056 omnes
992 996 1132 1064 civitates,

239 1074 335 1136 nobile
347 1093 462 1148 nomen,
476 1075 539 1130 leus
553 1075 595 1131 rei
609 1075 739 1131 militaris
754 1072 887 1130 menime.
925 1074 998 1132 Haee
1011 1073 1133 1160 populus

144 1190 149 1200 ·
239 1151 400 1226 respiciens
414 1152 513 1208 meluit
527 1171 592 1208 eum
605 1152 752 1212 innoxium
769 1152 867 1226 plecti,
881 1170 965 1225 quem
979 1171 1012 1208 se
1026 1149 1132 1212 diutius

239 1250 307 1292 esee
321 1229 352 1287 in
362 1231 476 1290 timore.

551 1370 800 1381 —n——nn—

296 1436 358 1558 1'1.
405 1431 1032 1588 unnut'snocnns.

614 1649 740 1660 —..

496 1745 821 1830 ,ARGUMENTUM
854 1743 857 1749 ’

243 1893 337 1953 GAP.
350 1893 370 1952 I
370 1939 375 1951 .
391 1895 558 1952 Adolescens
567 1895 679 1952 liberius
687 1892 763 1952 vivit.
783 1895 976 1954 Exheredatus
985 1899 1096 1976 reipubl.
1104 1921 1133 1957 se

278 1973 361 2031 dedit.
403 1973 446 2030 II.
472 1973 575 2030 Clarus
592 1974 734 2051 Corcyreo
748 1985 773 2031 et
792 1973 907 2032 Persico
926 1976 1004 2055 delle,
1044 1977 1133 2034 Inter·

273 2063 401 2130 pretatur
414 2053 551 2109 oraculum
565 2045 596 2108 de
610 2055 697 2109 muris
717 2053 817 2128 ligneis
831 2056 860 2111 in
881 2055 947 2112 delle
966 2053 1082 2112 Persice
1098 2053 1136 2113 II

278 2131 477 2208 ed'servandos
490 2151 580 2188 eorum
594 2134 674 2187 cives.
709 2131 770 2188 III.
795 2132 949 2189 Secundum
958 2133 1083 2209 proelium
1097 2134 1134 2190 ud

277 2210 465 2264 Artemisium.
507 2206 562 2264 IV.
592 2209 664 2266 Delo
687 2207 808 2266 Xersem
832 2213 917 2266 vineit
940 2211 1024 2283 juxte
1050 2211 1132 2267 Sala-

277 2288 360 2341 mina.
400 2285 433 2341 V.
459 2285 672 2342 Gellidonuntio
683 2285 803 2342 Xerxem
814 2288 920 2363 decipit,
932 2307 983 2362 que
997 2288 1133 2345 Groeer'em

237 2361 241 2368 ’
278 2363 383 2419 liberet.
429 2362 480 2419 VI.
502 2363 606 2419 Pireei
621 2374 731 2438 portum
751 2375 778 2420 et
798 2385 890 2420 mures
903 2366 1074 2422 Athenarum
1088 2387 1132 2423 en·

278 2443 371 2497 struit.
410 2439 608 2497 Lacedaemonii
621 2452 784 2518 repugnant.
823 2441 892 2498 VII.
914 2443 1133 2502 Lacedaemonios

277 2529 337 2576 arte
350 2519 461 2587 deludit,
477 2538 571 2596 eosque
585 2520 761 2595 reprehendit.
807 2519 893 2576 VIII.
919 2521 1088 2578 Ostreeismo
1102 2525 1132 2580 in

277 2597 402 2654 exsilium
420 2597 528 2670 ejectus,
543 2599 621 2652 varie
632 2595 712 2673 suge
730 2599 863 2674 agitatur.
905 2597 962 2656 IX.
984 2601 1033 2655 Ad
1045 2602 1132 2658 Arta-

277 2695 384 2731 ueruem
402 2675 509 2731 litteras
523 2675 570 2730 dut
584 2675 685 2731 salutis
698 2683 791 2731 ceusu.
840 2675 882 2732 X.
903 2677 1003 2734 Multis
1016 2682 1132 2736 muneri·

278 2753 329 2809 dus
342 2753 376 2819 ud
390 2772 419 2808 eo
433 2763 555 2808 ornatur.
596 2752 747 2828 Magnesiae
762 2756 884 2810 meritur.
963 2816 965 2819 ,

201 2900 214 2955 1
277 2896 301 2953 I.
323 2893 325 2899 ’
343 2889 565 2965 Themistdcles,
581 2891 686 2953 Neecli
700 2896 786 2966 filius,
800 2895 1000 2955 Atheniensis.
1035 2897 1131 2974 Hujus

238 2975 307 3031 vitia
317 2972 442 3052 ineuntis
454 2974 656 3032 adolescentis
666 2975 778 3051 magnis
789 2986 855 3032 sunt
866 2975 1016 3032 emendate
1023 2975 1131 3040 virtuti-

239 3069 300 3124 uus,
312 3052 384 3110 adeo
394 3064 425 3109 ut
435 3053 606 3110 anteferatur
617 3052 684 3109 huie
694 3069 788 3122 neme,
799 3055 884 3127 pauci
894 3067 979 3128 pares
990 3064 1130 3128 putentur.

197 3137 216 3188 2
240 3132 299 3188 Sed
314 3132 348 3186 ab
362 3131 443 3190 initio
458 3141 502 3186 est
515 3131 692 3187 ordiendum.
722 3131 886 3207 Peterej'us
900 3131 929 3187 N
931 3131 1029 3187 edules
1044 3149 1131 3204 gene·

237 3226 320 3265 rosus
335 3208 396 3263 fuit.
422 3208 456 3263 'Is
470 3223 588 3282 uxorem
602 3206 801 3262 Acharnnnum
816 3209 909 3282 ciuem
922 3207 1010 3274 duxit,
1025 3225 1131 3280 exque

236 3295 320 3340 natus
341 3295 385 3340 est
401 3283 626 3354 Themistoclen
667 3283 833 3356 Quiequum
853 3285 947 3340 minus
968 3292 1048 3339 esset
1067 3301 1131 3359 pro·

236 3362 319 3416 batus
333 3360 506 3434 parentibus
521 3359 603 3432 quod
613 3370 642 3416 et
659 3360 777 3417 liberius
788 3361 915 3428 vivebat,
930 3371 961 3416 et
971 3377 1032 3416 rem
1050 3360 1131 3417 fami·

198 3441 217 3495 3
237 3437 339 3494 linrem
351 3436 557 3512 negligebet‚·a
571 3447 656 3512 ,patre
676 3437 866 3494 exheredatus
882 3447 935 3494 est.
977 3439 1050 3503 Quae
1064 3457 1131 3495 con-

148 3549 150 3554 .
238 3515 430 3580 tumelin'non
450 3514 534 3590 fregit
555 3534 629 3584 eum,
644 3515 696 3571 sed
717 3515 817 3571 erexit.
859 3515 936 3571 Nam
953 3534 1038 3588 quum
1054 3517 1130 3592 judi-

238 3601 343 3661 casset,
358 3592 421 3648 sine
437 3612 546 3648 summa
564 3592 703 3648 industris
718 3611 777 3650 non
795 3609 883 3666 posse
898 3611 962 3649 eem
976 3593 1130 3669 exstingui,

237 3681 324 3728 totum
338 3689 370 3727 se
385 3669 493 3727 dedidit
508 3668 680 3746 reipublicae,
694 3671 859 3744 diligentius
874 3671 975 3727 amicis
994 3670 1130 3744 ssmaeque

430 3857 431 3864 ,
493 3853 495 3858 .
572 3811 644 3861 *An
655 3812 761 3860 nomine
