2646 4462
474 435 516 500 X.
545 441 575 512 7,
590 441 621 502 8.
662 437 786 519 (Dion.)
1035 445 1077 506 45

176 583 239 642 brec
255 581 400 640 sententia
415 594 476 641 est:
500 584 568 642 Non
590 603 679 659 posse
703 586 778 642 bene
793 584 855 662 geri
875 587 1080 662 rempublicam

176 665 328 720 multorum
352 662 492 736 imperiis.
534 663 619 728 Quod
644 663 751 720 dictum
763 683 868 738 magna
888 665 997 722 invidia
1011 685 1080 724 con·

177 753 278 798 secuta
292 751 347 796 est.
390 741 521 814 Namque
534 741 686 815 'aperuisse
700 741 856 810 videbatur,
871 743 966 799 omnia
982 743 1013 801 in
1026 761 1079 802 sua

176 829 318 895 potestate
331 837 398 874 esse
410 821 497 876 velle.
527 820 612 876 Hanc
627 819 677 876 ille
691 838 749 878 non
763 821 854 877 lenire
869 822 1017 907 obsequio,
1026 823 1079 880 sed
1099 828 1118 881 5

176 897 333 954 acerbitate
348 896 509 984 opprimere
525 898 640 966 studuit,
656 897 932 972 Heraclidemque,
923 919 1008 973 quum
1023 901 1079 977 Sy·

174 995 295 1032 racusas
310 975 448 1044 venisset,
463 941 692 1036 interficiendum
706 977 825 1032 curavit.

218 1053 286 1111 Vll
328 1052 413 1117 Quod
437 1054 541 1110 factum
563 1054 694 1110 omnibus
708 1055 861 1112 maximum
877 1055 1011 1112 timorem
1034 1057 1077 1114 in·
1100 1061 1113 1116 1

171 1133 254 1208 jecit.
304 1131 399 1188 Nemo
421 1133 506 1202 enim,
530 1133 581 1189 illo
601 1132 763 1202 interfecto,
788 1153 820 1190 se
843 1145 932 1189 tutum
952 1137 1076 1208 putabat.

175 1211 231 1268 Ille
255 1221 359 1280 autem,
382 1209 548 1268 adversario
572 1221 690 1280 remoto,
712 1210 847 1268 licentius
873 1231 971 1268 eorum
994 1214 1077 1284 bona,

175 1308 248 1364 quos
263 1289 376 1345 sciebat
393 1289 531 1346 adversus
547 1308 580 1345 se
595 1290 736 1358 sensisse,
758 1290 893 1346 militibus
907 1290 1076 1364 dispertivit.

176 1368 289 1433 Quibus
303 1367 415 1436 divisia,
421 1387 521 1457 'quum
534 1368 691 1456 quotidiani
711 1368 827 1424 maximi
842 1370 943 1425 fierent
957 1379 1075 1441 sumtus,
1096 1375 1114 1428 2

174 1447 310 1502 celeriter
323 1447 448 1520 pecunia
462 1447 568 1502 deesse
583 1446 678 1519 coepit,
692 1465 795 1520 neque,
806 1466 861 1520 quo
875 1465 975 1504 manus
988 1447 1077 1522 porri·

130 1539 136 1550 ¹
174 1535 266 1599 geret,
287 1526 464 1600 suppetebat,
485 1525 543 1581 nisi
563 1523 593 1580 in
611 1525 768 1581 amicorum
786 1527 1001 1600 possessiones.
1042 1527 1076 1584 Id

173 1603 337 1678 hujusmodi
362 1616 430 1672 erat,
450 1615 489 1672 ut,
506 1621 593 1676 quum
615 1603 721 1659 milites
746 1603 973 1677 reconciliasset,
996 1606 1076 1662 amit·

173 1691 248 1738 teret
272 1682 432 1755 optimates.
474 1683 602 1756 Quarum
623 1700 718 1738 rerum
742 1699 810 1738 cura
831 1681 1021 1758 frangebatur,
1047 1688 1114 1742 et3

173 1761 305 1816 insuetus
319 1763 393 1817 male
409 1760 544 1818 audiendi
564 1779 621 1818 non
637 1779 716 1833 aequo
735 1761 829 1817 animo
850 1760 967 1830 serebat,
982 1762 1018 1818 de
1039 1781 1073 1819 se

140 1903 148 1918 ι
173 1837 270 1896 abiis
284 1839 359 1895 male
384 1838 551 1908 existimari,
576 1856 694 1911 quorum
712 1839 808 1914 paullo
831 1850 895 1896 ante
918 1839 948 1896 in
972 1841 1075 1897 coslum

173 1917 267 1972 suerat
292 1918 389 1974 elatus
397 1918 537 1974 laudibus
580 1917 691 1991 Vulgus
710 1917 969 1986 autem‚offensa
962 1936 992 1974 m
1010 1937 1076 1975 eum

172 1995 296 2052 militum
310 1997 463 2064 voluntate,
478 1996 596 2053 liberius
617 1996 792 2068 loquebatur,
807 2007 836 2051 et
854 2007 1004 2070 tyranuum
1018 2014 1075 2053 nott

172 2074 323 2130 serendum
336 2074 490 2132 dictitabat.

214 2152 299 2209 VIII.
323 2152 394 2209 Haec
404 2154 453 2210 ille
462 2154 585 2220 intuens,
596 2171 690 2226 quum,
702 2153 937 2226 quemadmodum
949 2153 1074 2223 sedaret,
1097 2158 1111 2210 l

172 2231 309 2299 nesciret,
320 2242 356 2299 et,
366 2250 499 2304 quorsum
510 2231 673 2300 evaderent,
681 2231 794 2287 timeret
804 2245 815 2300 ;'
834 2230 1005 2292 Callicrates
1014 2231 1075 2305 qui·

173 2309 249 2377 dam,
263 2309 337 2365 civis
353 2309 551 2378 Atheniensis,
566 2310 615 2382 qui
635 2308 720 2366 simul
742 2329 806 2366 cum
821 2328 856 2366 eo
871 2327 907 2366 ex
932 2310 1074 2386 Pelopon-

170 2405 245 2444 neso
255 2387 284 2442 in
301 2387 566 2456 Siciliamvenerat,
580 2387 666 2444 homo
680 2399 708 2443 et
718 2388 843 2445 'callidus
853 2398 882 2444 et
896 2388 932 2444 ad
945 2388 1074 2446 fraudem

174 2476 285 2533 acutus,
300 2465 363 2522 sine
378 2467 436 2528 ulla
460 2466 600 2540 religione
616 2485 650 2521 ac
671 2465 738 2535 fide,
759 2467 818 2522 adit
837 2467 873 2524 ad
897 2466 1030 2536 Dionem,
1045 2476 1074 2524 et

175 2545 230 2600 ait:
254 2563 320 2600 eum
342 2543 396 2621 [in]
412 2561 516 2619 magno
529 2545 658 2618 periculo
673 2563 740 2601 esse
754 2556 869 2619 propter
884 2545 1074 2620 offensionem
1093 2549 1112 2602 2

173 2623 272 2697 populi
287 2634 316 2678 et
329 2623 425 2680 odium
433 2624 562 2692 militum,
571 2623 645 2697 quod
656 2623 735 2680 nullo
748 2623 832 2682 modo
842 2623 949 2679 evitare
964 2635 1073 2698 posset,

173 2701 232 2757 nisi
247 2699 334 2758 alicui
355 2720 470 2758 suorum
483 2701 629 2790 negotium
643 2701 731 2769 daret,
746 2701 795 2774 qui
808 2721 840 2758 se
863 2702 1010 2758 simularet
1030 2702 1074 2760 illi

174 2778 331 2836 inimicum
373 2780 505 2846 Quem'
482 2798 508 2836 st
523 2779 683 2836 invenisset
696 2745 839 2848 idoneum,
849 2780 935 2838 facile
947 2780 1073 2837 omnium

174 2857 285 2913 animos
313 2859 502 2947 cogniturum,
521 2857 762 2938 adversariosque
790 2824 973 2944 sublaturum,
999 2859 1073 2930 quod

173 2935 284 2991 inimici
313 2937 375 3011 ejus
401 2935 556 2993 dissidenti
590 2955 658 2992 suos
686 2953 790 2991 sensus
818 2931 942 3009 aperturi
970 2935 1070 2992 forent.

174 3011 241 3072 Tali
256 3014 379 3070 consilio
392 3016 509 3090 probato
518 3015 634 3090 excepit
647 3008 700 3069 has
709 3023 804 3087 partes
816 3013 879 3087 ipse
892 3012 1111 3082 Callicrates,3

174 3103 244 3148 etse
256 3103 345 3148 armat
353 3093 540 3180 imprudentia
556 3092 670 3150 Dionis.
712 3091 757 3146 Ad
768 3109 834 3146 eum
845 3090 1074 3148 interficiendum

174 3170 433 3243 sociosconquirit3
435 3168 1073 3246 adversariosejusconvenitconjurationem

168 3249 329 3304 confirmat.
371 3247 442 3318 Res,
466 3248 562 3305 multis
585 3247 795 3320 consciisque
821 3257 975 3323 gereretur,
998 3248 1112 3306 elata4

173 3325 298 3384 defertur
312 3325 348 3382 ad
367 3322 596 3394 Aristomachen,
621 3345 748 3383 sororem
773 3326 885 3414 Dionis,
899 3345 1072 3401 umoremque

173 3405 290 3460 Areten
340 3405 401 3460 Illoe
425 3405 525 3461 timore
543 3405 703 3479 perterritae
725 3405 905 3474 conveniunt,
927 3407 1008 3482 cujus
1032 3407 1069 3464 de

171 3483 301 3555 periculo
322 3483 467 3539 timebant.
509 3484 547 3539 At
560 3484 617 3540 tlte,
625 3493 720 3556 negat,
735 3501 752 3538 a
765 3449 924 3545 ,Callicrale
939 3485 1002 3541 fieri
1017 3485 1073 3542 sibi

171 3561 303 3628 insidiae,
328 3561 381 3617 sed
404 3562 464 3629 illa,
486 3580 548 3634 quae
572 3571 732 3635 agerentur,
756 3561 819 3617 fieri
843 3574 985 3637 praecepto
1010 3581 1071 3620 suo.

171 3638 315 3695 Mulieres
329 3638 421 3694 nihilo
435 3639 532 3697 secius
549 3639 733 3695 Callicratem
747 3639 775 3694 in
788 3640 878 3696 aedern
893 3641 1073 3713 Proserpinae
1093 3645 1111 3695 5

171 3716 324 3785 deducunt,
340 3736 373 3772 ac
395 3719 492 3792 jurare
507 3728 620 3791 cogunt,
642 3716 715 3772 nihil
740 3718 775 3772 ab
797 3717 847 3773 illo
869 3717 989 3790 periculi
1011 3715 1071 3772 sore

174 3795 274 3852 Dioni.
316 3795 370 3853 Ille
385 3794 440 3851 hac
454 3795 594 3870 religione
608 3812 665 3850 non
679 3793 763 3850 modo
777 3811 834 3850 non
848 3793 1009 3861 deterritus,
1020 3793 1073 3850 sed
