2646 4462
281 497 323 553 re
532 437 623 547 nn.
667 489 697 545 4.
750 481 967 563 (Tinzotteus.)

282 636 401 693 Samum
412 631 533 706 profecti
549 641 656 698 essent,
672 640 701 686 et
715 628 818 685 eodem
833 627 954 696 Chares,
964 625 1087 684 adventu
1103 625 1179 704 [illo-

281 711 355 788 rum]
378 711 502 785 cognito,
523 729 589 766 cum
608 707 669 764 suis
690 707 782 782 copiis
804 707 1044 781 proficisceretur,
1058 724 1095 762 ne
1111 705 1179 779 quid

282 793 401 848 absente
416 783 448 844 se
464 798 577 863 gestum
590 786 750 843 videretur:
774 784 889 852 accidit,
903 801 988 857 quum
1007 784 1042 839 ad
1056 785 1180 843 insulam

283 867 549 944 appropinquarent,
570 875 601 921 ut
621 883 725 939 magne
748 873 905 936 tempestas
928 862 1067 929 oriretur,
1095 880 1179 934 quam

284 947 390 1003 evitare
402 944 457 1000 duo
470 955 584 1000 veteres
599 943 784 1017 imperatores
796 941 865 997 utile
880 939 1004 996 arbitrati
1016 959 1097 996 suam
1105 939 1179 995 cles·

243 1028 262 1081 4
284 1043 346 1081 sem
359 1032 589 1097 suppresserunt.
624 1027 662 1076 At
668 1021 735 1087 ille,
746 1018 897 1075 temeraria
910 1036 979 1075 usus
994 1017 1113 1086 ratione,
1123 1036 1180 1073 non

284 1101 374 1159 cessit
384 1101 521 1176 majorum
531 1109 597 1156 natu
612 1097 779 1164 auctoritati,
789 1107 827 1165 et,
836 1107 865 1152 ut
879 1096 905 1152 si
919 1097 949 1152 in
960 1114 1013 1152 sua
1023 1096 1181 1167 navi'esset

240 1191 243 1202 “
284 1181 403 1248 fortuna,
416 1197 472 1252 quo
493 1176 687 1254 contenderat,
702 1174 842 1247 pervenit,
858 1174 1018 1247 eodemque
1035 1185 1065 1230 ut
1079 1175 1181 1246 seque-

283 1269 389 1327 rentur,
417 1256 452 1312 ad
477 1253 661 1311 Timotheum
689 1263 718 1308 et
741 1251 916 1326 Iphicratem
938 1253 1067 1309 nuntium
1093 1251 1180 1308 misit.

285 1335 454 1404 Hinmmale
466 1353 496 1389 re
508 1344 597 1406 gesta,
607 1331 799 1406 compluribus
809 1331 923 1387 amissis
932 1331 1062 1399 navibus,
1070 1330 1181 1399 eodem,

285 1414 360 1470 unde
376 1423 436 1469 erat
448 1411 603 1486 profectus,
618 1428 651 1465 se
666 1409 785 1484 recepit,
794 1409 965 1482 litterasque,
973 1409 1101 1465 Athenas
1113 1410 1181 1483 pub-

285 1493 343 1548 lice
358 1489 444 1558 misit,
466 1489 521 1545 sibi
543 1487 670 1562 proclive
695 1487 797 1556 fuisse,
822 1488 938 1543 Samum
953 1505 1068 1562 capere,
1087 1487 1182 1544 nisio

246 1575 265 1627 5
286 1567 441 1625 Timotheo
456 1576 485 1622 et
499 1566 642 1640 Iphicrate
655 1565 786 1622 desertus
801 1576 889 1622 esset.
933 1566 990 1642 [Ob
1005 1576 1069 1621 ea‘m
1083 1585 1143 1622 rem
1152 1565 1182 1623 in

287 1645 395 1702 crimen
409 1643 603 1718 vocabantur]
647 1644 773 1718 Populus
795 1663 872 1712 acer,
893 1643 1038 1718 suspicax,
1059 1645 1182 1712 mobilis,

286 1723 477 1791 adversarius,
500 1722 614 1778 invidus
640 1723 725 1778 etiam
749 1723 891 1796 potentiae,
916 1722 1029 1778 domum
1049 1733 1182 1791 revocat;

287 1800 641 1876 accusanturproditionis.
664 1801 729 1857 Hoc
735 1795 1182 1876 judiciodamnaturTimotheus,

286 1881 379 1956 lisque
395 1881 457 1956 ejus
473 1879 625 1936 aestimatur
639 1891 753 1935 centum
767 1880 892 1935 talentis.
935 1879 998 1947 ille,
1010 1879 1076 1935 odio
1090 1880 1183 1954 ingra-

288 1971 324 2016 tae
338 1959 463 2016 civitatis
478 1969 604 2027 coactus,
620 1957 789 2014 Chalcidem
804 1976 836 2013 se
852 1958 978 2013 contulit.

251 2044 265 2096 l
327 2038 381 2095 IV.
404 2038 498 2114 Hujus
522 2048 727 2110 postmortem
749 2055 833 2109 quum
857 2036 991 2110 populum
1010 2035 1112 2111 judicii
1138 2037 1183 2092 sui

288 2116 447 2192 prenderet,
457 2115 549 2170 multae
561 2133 662 2170 novem
676 2126 771 2189 partes
781 2115 911 2182 detraxit,
922 2124 952 2170 et
962 2116 1064 2170 decem
1075 2116 1184 2182 talenta

290 2195 447 2262 Cononem,
461 2193 550 2249 filiurn
561 2193 633 2266 ejus,
643 2193 679 2248 ad
690 2193 762 2249 muri
773 2193 922 2264 quamdam
932 2205 1041 2266 partem
1052 2193 1184 2250 reficien-

289 2270 354 2327 dam
364 2271 450 2345 jussit
469 2271 548 2326 dare.
589 2270 623 2325 ln
643 2288 698 2342 quo
712 2269 830 2326 fortunae
850 2269 972 2327 varietas
993 2282 1038 2328 est
1059 2269 1201 2328 animad-'

289 2367 382 2405 versa.
418 2348 493 2404 Nam
504 2365 574 2419 quos
589 2365 659 2403 avus
675 2348 776 2404 Conon
790 2366 885 2405 muros
901 2368 938 2404 ex
951 2350 1075 2406 hostium
1089 2349 1185 2425 praeda

289 2425 386 2501 patriae
401 2425 570 2492 restituerat,
585 2426 703 2481 eosdem
716 2445 817 2501 nepos,
829 2445 895 2483 cum
909 2447 1018 2484 summa
1028 2428 1185 2502 ignominia

250 2509 269 2562 2
290 2504 413 2572 samiliae,
425 2521 462 2559 ex
476 2521 528 2558 sua
541 2521 572 2558 re
584 2502 715 2560 familiari
731 2505 850 2561 reficere
866 2517 981 2563 coactus
997 2516 1050 2562 est.
1086 2507 1184 2563 Timo·

290 2583 350 2638 thei
365 2593 459 2638 autem
479 2580 629 2637 moderatae
651 2583 846 2657 sapientisque
861 2584 1028 2659 vitae·quum
1047 2585 1183 2658 pleraque

289 2661 433 2734 possimus
447 2659 573 2733 prolerre
588 2661 759 2729 testimonia,
774 2680 831 2718 uno
846 2663 951 2718 erimus
966 2663 1185 2736 contenti‚qu0d

291 2755 328 2794 ex
339 2756 374 2793 eo
383 2737 469 2794 facile
479 2737 583 2811 conjici
592 2739 703 2812 poterit,
712 2749 795 2812 quam
806 2759 889 2798 carus
901 2740 961 2796 suis
974 2740 1066 2797 fuerit.
1089 2742 1185 2806 Quum

290 2815 412 2872 Athenis
424 2815 654 2874 adolescentulus
670 2837 785 2874 causam
799 2817 917 2887 diceret,
928 2835 984 2874 uon
997 2818 1089 2877 solum
1098 2820 1185 2877 amici

290 2893 446 2968 privatique
460 2893 590 2969 hospites
611 2895 647 2951 ad
668 2915 732 2953 eum
753 2895 964 2953 defendendum
980 2909 1184 2967 convenerunt,

290 2967 443 3028 sedetiam
463 2972 494 3029 in
516 2971 559 3028 eis
580 2972 670 3032 Jason
691 2985 837 3048 tyrannus,
851 2975 899 3047 qui
921 2976 972 3032 illo
991 2986 1117 3050 tempore
1133 2975 1186 3032 fuit

252 3052 269 3106 ³
290 3051 415 3108 omnium
428 3050 652 3126 potentissimus.
688 3052 746 3109 Hic
758 3070 843 3125 quum
853 3053 881 3107 in
892 3053 984 3126 patria
998 3053 1061 3110 sine
1076 3052 1185 3110 satelli·

290 3129 364 3184 tibus
380 3147 412 3184 se
424 3139 511 3185 tutum
530 3145 587 3185 non
608 3130 795 3196 arbitraretur,
810 3129 939 3185 Athenas
960 3131 1023 3186 sine
1042 3132 1101 3189 ullo
1114 3150 1185 3206 prae-

292 3205 366 3260 sidio
380 3205 467 3272 venit,
481 3207 606 3275 tantique
627 3204 770 3278 hospitem
785 3205 863 3272 fecit,
876 3218 907 3260 ut
920 3207 1019 3262 mallet
1032 3227 1065 3263 se
1081 3209 1184 3284 capitis

291 3282 449 3355 periculum
477 3281 565 3347 adire,
585 3298 669 3352 quam
696 3281 850 3337 Timotheo
877 3282 912 3338 de
940 3282 1015 3339 sama
1037 3285 1184 3343 dimicanti

213 3357 215 3360 ’
292 3357 405 3413 deesse.
439 3357 524 3414 Hunc
539 3360 675 3415 adversus
690 3371 784 3414 tamen
795 3358 965 3416 Timotheus
976 3374 1078 3436 postea
1085 3364 1183 3438 populi

287 3433 372 3508 jussu
384 3434 490 3490 bellum
504 3437 603 3509 gessit,
618 3435 770 3509 patriaeque
785 3437 928 3493 sanctiora
938 3440 1011 3514 jura,
1026 3459 1109 3513 quam
1117 3441 1185 3498 hos·

221 3547 225 3555 ·
252 3515 279 3568 4*
291 3510 362 3584 pitii,
377 3530 444 3567 esse
459 3512 547 3568 duxit.
589 3512 661 3568 Haec
683 3525 809 3570 extrema
823 3513 875 3570 fuit
895 3527 964 3572 aetas
985 3517 1186 3592 imperatorum

291 3587 519 3657 Atheniensium,
544 3587 705 3664 Iphicratis,
734 3591 875 3662 Chabriae,
897 3593 1061 3662 Timothei3
1089 3615 1184 3670 neque

291 3677 356 3742 post
372 3666 488 3722 illorum
512 3668 619 3728 obitum
651 3669 800 3744 quisquam
828 3670 886 3728 dux
917 3672 948 3728 iu
967 3673 1017 3730 illa
1038 3674 1107 3730 urbe
1132 3673 1186 3732 fuit

290 3744 394 3819 dignus
408 3743 552 3803 memoria.
831 3754 835 3760 '
