2646 4462
389 491 477 554 Xli'.
500 497 529 564 4,
547 500 576 552 ὃ.
620 493 806 571 (Datames.)
1004 503 1046 558 dd

142 640 238 718 jussit.
281 641 390 696 Postea
403 657 571 712 veroquam
591 639 809 697 Pharnabazum
825 657 877 698 rex
891 641 1048 711 revocarit,

145 720 189 776 illi
203 737 314 775 summa
327 717 442 792 imperii
456 717 558 774 tradita
569 727 624 773 est.
1042 745 1047 752 ·

186 797 239 854 IV.
281 796 340 854 Hic
352 813 438 868 quum
452 796 575 852 maximo
585 795 680 852 studio
691 807 869 872 compararet
881 797 1048 872 exercitum,
1070 802 1084 856 1

109 891 113 900 ·
147 875 361 950 AEgyptumque
386 873 532 947 proficisci
554 883 677 948 pararet,
702 875 795 930 subito
820 893 926 950 aroge
946 875 1048 934 litterre

145 965 213 1009 sunt
232 952 260 1009 ei
281 953 388 1020 missae,
403 962 433 1008 ut
455 951 556 1026 Aspim
577 951 789 1026 aggrederetur,
809 953 857 1026 qui
880 953 1047 1012 Cataomam

144 1032 279 1088 tenebat:
302 1048 365 1102 quae
380 1047 452 1104 geus
470 1029 550 1103 jacet
571 1045 656 1102 supra
671 1029 815 1098 Ciliciam,
829 1029 951 1086 confinis
972 1029 1048 1106 Gap-

145 1108 286 1182 padocia.
317 1108 345 1163 N
348 1125 447 1180 amque
464 1108 562 1181 Aspis,
573 1108 730 1164 saltuosam
743 1108 891 1182 regionem
905 1109 1047 1166 castellis·
1066 1113 1086 1167 2

144 1206 201 1260 que
226 1186 363 1242 munitam
386 1185 528 1253 incolens,
551 1203 610 1242 non
630 1185 723 1242 solnm
746 1184 868 1260 imperio
889 1184 967 1260 regis
990 1203 1049 1244 non

144 1267 273 1340 parebat,
288 1264 341 1321 sed
365 1264 452 1320 etiam
472 1263 606 1320 finitimas
620 1264 755 1338 regiones
769 1263 900 1332 rexahm,
924 1275 962 1332 et,
986 1281 1049 1338 quse

145 1343 210 1418 regi
224 1352 410 1418 portarentur,
419 1342 586 1417 abripiebat.
618 1341 767 1409 Datames,
781 1341 837 1398 etsi
850 1341 936 1418 longe
950 1343 1048 1400 abent
1068 1344 1086 1400 3

144 1423 182 1478 ah
203 1422 249 1479 his
263 1421 438 1496 regionibus,
459 1432 489 1477 et
511 1440 528 1477 a
542 1421 649 1496 majore
669 1439 701 1478 re
715 1419 938 1489 abstrahebatur,
953 1430 1049 1478 umen

144 1501 225 1574 regis
239 1498 376 1556 voluntati
400 1517 509 1556 morem
532 1499 688 1574 gerendum
711 1499 827 1574 putavit.
868 1498 968 1573 Itaque
981 1515 1049 1556 cum

144 1578 257 1654 paucis,
271 1577 325 1634 sed
338 1577 409 1634 viris
428 1577 546 1634 sortibus
559 1595 665 1635 narem
678 1575 855 1646 conscendit,
869 1576 1048 1647 existimaris,

145 1657 178 1714 id
198 1656 273 1730 quod
294 1655 410 1724 accidit,
432 1655 547 1714 facilius
572 1673 605 1712 se
630 1655 837 1730 imprudentem
855 1673 943 1730 parva
962 1673 1048 1713 manu

144 1743 1085 1886 ’ἐῖἒζῗέἶὲἱῖῗ’ὥῗὲοὲᾳᾚέέἶζᾞοῗῖῑῖἓζὲἒᾙὲ4

144 1893 200 1950 iter
213 1891 335 1959 secians,
344 1890 470 1947 Taurum
483 1890 604 1958 transiit,
612 1907 714 1964 eoque,
722 1907 778 1962 quo
791 1889 945 1958 studuerat,
953 1890 1046 1957 venit3

143 1970 254 2043 quaerit,
268 1968 520 2042 quihuslooissit
544 1967 652 2044 Aspis3
677 1967 840 2042 cognoscit,
861 1965 938 2024 haud
960 1967 1046 2040 longe

87 2041 94 2048 ’
145 2049 262 2116 abasse,
271 2042 484 2122 profectumque
498 2064 565 2103 eum
574 2056 731 2104 renatum.'
758 2045 853 2111 Quem
867 2044 935 2102 dum
944 2061 1047 2120 apecu-

144 2126 228 2194 latur,
243 2125 383 2182 advenum
395 2125 458 2201 ejus
473 2143 562 2182 causa
574 2121 766 2200 cognoscitur.
790 2121 905 2180 Pisidas
921 2121 1047 2191 cumiia,

143 2221 334 2278 quoseseaum
356 2201 539 2272 hahebat,.ad
561 2201 756 2260 resistandmu
778 2201 867 2278 Aspis
890 2210 1046 2276 comparat.

146 2283 181 2340 Id
195 2283 335 2342 Datames
344 2281 393 2338 ahi
407 2281 524 2350 audivit,
534 2299 613 2338 arma
620 2280 714 2349 sumit,
724 2297 848 2355 suosque
856 2279 940 2354 sequi
950 2281 1046 2356 jubet;
1067 2284 1086 2340 ⁵

146 2361 210 2436 ipse
235 2377 309 2434 equo
323 2359 466 2418 concitato
480 2358 652 2417 ad'hostem
665 2357 787 2416 vehitur.
829 2359 926 2425 Quem
946 2359 1048 2435 procul

146 2439 237 2514 Aspis
251 2438 438 2512 conspiciens
451 2438 488 2496 ed
501 2457 547 2496 se·
558 2437 699 2497 fereuoem
719 2437 906 2514 pertimescit,
921 2447 1013 2512 atque·
1027 2455 1048 2494 a

145 2527 251 2575 conatu
264 2516 420 2580 amittendi
433 2516 585 2574 deterritus
600 2535 668 2574 sese
682 2516 770 2573 dedit.
806 2515 893 2574 Hunc
909 2515 1047 2582 Datames

145 2596 273 2654 vinctum
288 2593 324 2652 ad
337 2613 436 2669 regem
449 2595 611 2652 ducendum
622 2595 708 2652 tradit
722 2593 891 2652 Mithridati.
1034 2604 1037 2615 ’

115 2736 117 2740 ,
185 2674 223 2731 V.
265 2673 339 2731 Haec
360 2672 427 2730 dum
447 2684 589 2748 gerantur,
604 2673 788 2740 Artaxerxes,
808 2672 1009 2740 reminiscens,
1023 2687 1047 2727 a
1069 2675 1082 2729 1

143 2759 258 2826 quanto*
272 2751 350 2808 hello
373 2751 413 2807 ad
432 2769 516 2825 quam
539 2769 656 2826 parvam
674 2770 736 2809 rem
753 2749 917 2826 principem
942 2749 1047 2808 ducum

145 2831 284 2898 misisset,
298 2848 332 2886 se
356 2829 419 2904 ipae
438 2827 631 2904 reprehendit,
646 2839 676 2886 et
697 2830 827 2890 nuntium
840 2829 876 2886 ad
889 2828 1047 2886 exercitum

145 2911 230 2966 Acen
244 2908 331 2976 misit,
344 2907 429 2981 quod
442 2907 568 2968 noudum
589 2908 740 2965 Datamem
753 2906 911 2982 profectum
923 2907 1047 2981 putahm,

143 2987 192 3061 qui
207 2987 327 3056 diceret,
340 3003 378 3044 ne
393 2986 428 3043 ah
443 2985 572 3042 exercitu
585 2985 766 3050 discederet.⁴
783 3013 786 3020 ·
801 2984 871 3051 Hic,
884 2983 1047 3057 priusquam

143 3065 317 3140 perveniret,
332 3074 462 3137 quaerat
483 3063 685 3140 profectura-in
707 3060 974 3128 itinerexoonrsnit',
997 3060 1046 3134 qui

145 3143 248 3218 Aspim
261 3143 416 3202 ducebant.
456 3143 522 3208 Qua
536 3143 684 3199 celeritate
707 3157 793 3214 quum
806 3143 939 3213 magnam
958 3138 1047 3194 bene’·
1064 3141 1087 3194 ἢ

144 3222 300 3280 volentiam
307 3220 541 3296 :agaunense
551 3227 728 3276 consecutus
739 3227 828 3286 esset,
836 3235 894 3276 nou
906 3215 1047 3274 minorem

143 3299 282 3356 invidiam
296 3297 456 3356 aulicorun,
463 3297 652 3372 excepit,qui
660 3298 739 3356 illum
750 3303 838 3353 unum
849 3293 948 3372 pluris,
956 3305 1047 3369 quam

143 3397 178 3434 se
203 3393 322 3445 omnes,¹
337 3377 401 3432 fieri
419 3377 566 3436 sidebant
609 3376 679 3441 Quo·
700 3375 776 3432 facta
801 3372 898 3432 crmcti
914 3372 957 3430 ad
980 3375 1047 3432 eum
1084 3382 1087 3391 '

142 3455 593 3530 opprimendumzeonaensaruut.
614 3453 709 3514 ·'Haec
725 3452 971 3527 Pandatss,gazas
979 3467 1046 3510 ctu*
1065 3453 1084 3509 3
1168 3495 1174 3510 .

142 3544 188 3590 tas
202 3532 300 3607 regia,
316 3532 426 3592 amicus
442 3532 565 3600 Datami,
581 3531 740 3606 perscripta
754 3532 783 3587 ei
793 3531 886 3600 mittit,
900 3531 1046 3605 inquibus

141 3612 246 3668 decet:
271 3627 336 3668 eum
350 3629 453 3685 magno
467 3610 527 3667 sore
542 3610 681 3684 periculo,
695 3609 802 3684 siquid
823 3609 873 3666 illo
886 3609 1046 3684 imperante

141 3691 172 3747 iu
187 3690 318 3766 AEgypto
333 3689 449 3746 adversi
461 3687 629 3745 accidisset.
671 3687 802 3760 Namque
817 3705 882 3743 eam
896 3703 963 3743 esse
977 3703 1045 3742 con·
1064 3688 1084 3740 4
1113 3697 1115 3700 ·

141 3767 326 3826 suetudinem
349 3767 468 3843 regiam,
492 3776 523 3822 ut
546 3785 631 3822 casus
652 3765 789 3823 adversos
810 3762 974 3820 homiuibus
996 3760 1045 3819 tri·

141 3849 239 3914 boant,
253 3845 398 3902 secundos
414 3845 531 3901 iomunae
545 3863 621 3900 snm:
644 3861 700 3918 quo
713 3841 786 3908 fieri,
799 3851 830 3896 ut
844 3839 933 3896 facile
944 3837 1044 3912 impel-
