2646 4462
245 417 292 476 58Ι
463 409 552 472 XIV.
595 418 624 483 9,
645 415 691 470 10.
724 407 918 489 ''(Dotatnes.)

240 567 325 634 quam
347 546 582 624 adversariorum,
606 556 725 626 videret,
745 556 781 612 ad
804 573 907 630 pacem
927 555 1139 632 amicitiamque

203 639 221 696 6
240 637 368 696 hortatus
389 647 443 704 est,
463 646 493 692 ut
514 651 578 692 cum
601 653 671 710 rege
696 634 725 691 in
747 635 866 710 gratiam
887 634 1003 694 rediret.
1045 636 1139 701 Quam

241 716 292 774 ille
320 714 375 772 etsi
396 715 481 771 fidam
507 732 565 770 non
593 713 653 770 sore
675 715 800 787 putabat,
826 722 924 772 temen
946 713 1138 770 conditionem

242 794 356 868 accepit
376 811 464 866 seque
488 792 523 849 ad
541 793 730 848 Artaxerxem
747 793 858 865 legatos
879 791 1032 848 missurum
1056 790 1137 849 dixit.

243 873 294 930 Sic
316 872 431 940 bellum,
452 871 527 951 quod
548 887 600 928 rex
621 869 759 927 adversus
782 870 933 928 Datamem
959 881 1137 944 susceperat,

240 951 382 1008 sedenim.
416 948 644 1024 Autophradates
658 948 689 1004 in
705 947 860 1023 Phrygiam
873 963 908 1004 se
918 946 1040 1022 recepit.

204 1032 219 1085 1
282 1029 336 1086 lX.
358 1030 396 1085 At
409 1047 469 1097 rex,
480 1026 554 1102 quod
568 1027 749 1102 implacabile
764 1025 859 1082 odium
872 1026 901 1082 in
914 1026 1063 1082 Datamem
1074 1043 1137 1082 sus·

242 1117 368 1181 ceperat,
381 1117 532 1180 postquam
545 1105 624 1166 bello
638 1123 703 1160 eum
716 1104 836 1179 opprimi
845 1121 902 1160 non
914 1122 1002 1178 posse
1011 1103 1137 1160 animad-

241 1183 333 1254 vertit,
353 1185 468 1242 insidiis
489 1181 650 1240 interficere
675 1182 797 1249 studuit;
819 1201 889 1256 quas
913 1182 964 1239 ille
985 1183 1136 1256 plerasque

202 1261 350 1320 evitavit.
393 1263 486 1331 Sicut,
509 1276 592 1333 quum
620 1259 777 1316 nuntiatum
800 1270 889 1329 esset,
916 1260 1055 1334 quosdam
1081 1259 1136 1316 sibi

241 1341 380 1409 insidiari,
408 1340 455 1414 qni
483 1341 513 1395 in
537 1338 692 1394 amicorum
715 1349 796 1394 erant
818 1356 935 1394 numero
956 1338 1136 1414 (dequibus,

241 1419 315 1494 quod
329 1417 438 1475 inimici
452 1415 620 1484 detulerant,
634 1432 726 1492 neque
741 1415 923 1485 credendum,
937 1435 1031 1490 neque
1044 1417 1135 1491 negli-

242 1497 365 1572 gendum
385 1495 513 1570 putarit),
527 1494 656 1568 experiri
670 1496 767 1564 voluit,
781 1510 879 1552 verum
895 1495 1036 1554 falsumne
1057 1505 1136 1550 esset

203 1579 220 1632 3
241 1575 369 1630 relatum.
411 1575 508 1647 Itaque
531 1591 566 1628 eo
586 1572 730 1646 profectus
753 1584 883 1646 estque
904 1573 1006 1632 itinere
1027 1573 1135 1630 futuras

241 1651 362 1709 insidias
376 1652 515 1709 dixerant.
558 1648 618 1708 Sed
633 1652 721 1726 elegit
735 1669 852 1726 corpore
868 1664 897 1708 et
910 1661 1016 1708 statura
1025 1651 1135 1708 similli-

241 1749 316 1788 mum
331 1731 385 1800 sui,
400 1731 482 1804 eique
498 1729 630 1788 vestitum
651 1749 734 1786 suum
750 1729 838 1798 dedit,
852 1740 934 1804 atque
950 1747 985 1786 eo
1004 1730 1091 1787 loco
1083 1747 1134 1798 ιιι,

240 1827 295 1882 quo
306 1810 372 1884 ipse
380 1817 576 1876 consueverat,
588 1808 683 1883 jussit.
718 1810 785 1882 Ipse
798 1819 891 1865 autem
905 1819 1004 1864 ornatu
1018 1809 1134 1872 vestitu·

240 1904 295 1962 que
308 1887 424 1944 militari
448 1889 523 1944 inter
541 1887 669 1976 corporis
691 1887 855 1944 custodes'
847 1899 902 1943 rter
921 1879 1032 1944 sacere'
1024 1887 1133 1961 erepit.

202 1970 220 2024 4
241 1969 279 2023 At
293 1965 484 2038 insidiatores,
493 1977 641 2042 postquam
655 1966 684 2022 in
698 1983 764 2056 eum
773 1967 866 2022 locum
881 1983 983 2040 agmen
996 1965 1133 2040 pervenit,

240 2045 354 2134 decepti
375 2046 474 2102 ordine
496 2056 588 2119 atque
600 2044 712 2113 vestitu,
726 2041 756 2101 in
778 2061 842 2100 eum
862 2043 969 2100 faciunt
989 2045 1133 2118 impetum,

240 2124 287 2202 qui
310 2124 473 2198 suppositus
497 2134 565 2180 erat
608 2123 781 2179 Praedixerat
803 2133 896 2178 autem
917 2122 963 2178 his
986 2122 1133 2190 Datames,

240 2213 305 2256 cum
318 2201 449 2273 quibus'
442 2211 495 2259 rter
452 2197 648 2269 t'faciebat,
662 2211 692 2256 ut
712 2195 801 2275 parati
823 2211 921 2258 essent
940 2197 1044 2269 secere,
1058 2201 1134 2274 quod

241 2279 334 2356 ipsum
357 2278 506 2336 vidissent.
556 2281 633 2355 Ipse,
661 2289 691 2334 ut
719 2291 922 2336 concurrentes
950 2275 1132 2337 insidiatores

240 2355 446 2425 animadvertit,
471 2357 563 2412 tela
556 2375 585 2414 ιιι
610 2375 661 2414 eos
682 2358 818 2433 conjecit
860 2358 925 2414 Hoc
948 2357 1025 2414 idem
1047 2373 1133 2430 quum

239 2434 366 2491 universi
379 2399 484 2490 seciisr
479 2445 525 2503 nt,
540 2436 701 2510 priusquam
715 2435 897 2521 pervenirent
911 2435 946 2492 ad
960 2453 1033 2504 eum,
1046 2452 1133 2509 quem

240 2512 356 2586 aggredi
368 2513 509 2581 volebant,
524 2515 629 2572 confixi
643 2508 831 2570 ceciderunt'
946 2529 956 2534 ·’

202 2593 215 2648 1
279 2585 316 2646 X.
333 2591 391 2648 Hic
402 2601 497 2647 tamen
508 2602 565 2648 tam
574 2591 729 2650 callidus
704 2611 746 2648 ιιι
755 2603 881 2648 extremo
894 2603 1020 2666 tempore
1032 2601 1132 2680 captus

240 2679 284 2725 est
308 2668 491 2739 Mithridatis,
517 2671 716 2728 Ariobarzanis
738 2671 813 2739 filii,-
823 2669 898 2727 dolo.
939 2671 1111 2760 Namque
1104 2688 1130 2726 ts

241 2747 385 2822 pollicitus
401 2759 446 2804 est
465 2747 537 2826 regi,
552 2769 585 2805 se
607 2766 672 2806 eum
686 2748 944 2818 interfectumrn,'
921 2767 946 2804 sr
961 2748 989 2805 ei
1003 2767 1054 2804 rex
1067 2763 1132 2822 per·

238 2825 370 2894 mitteret,
381 2837 422 2894 ut,
442 2827 636 2901 quodcumque
651 2827 748 2895 vellet,
769 2827 897 2883 liceret
890 2841 1003 2902 rmpune
1024 2826 1131 2896 facere,

238 2869 377 2978 iidemqub
395 2869 438 2962 de
461 2925 496 2962 ee
520 2921 560 2975 re,
583 2923 660 2963 more
686 2906 847 2994 Persarum,
872 2905 971 2961 dextra
991 2905 1130 2962 dedisset.

198 2985 217 3038 2
239 2981 324 3042 Hanc
339 2994 372 3040 ιιι
382 2984 495 3060 accepit
509 3002 535 3039 a
533 3003 606 3060 rege
620 2985 747 3052 missam,
762 2983 860 3071 copias
881 2989 969 3057 parat,
983 2993 1012 3039 et
1025 2984 1131 3042 absens

239 3060 393 3118 amicitiam
420 3081 485 3118 cum
513 3062 633 3118 Datame
654 3060 732 3130 facit,
752 3061 830 3136 regis
851 3061 1012 3152 provincias
1034 3071 1129 3130 vexat,

238 3139 358 3196 castella
373 3148 523 3214 expugnat,
537 3156 655 3213 magnas
660 3139 779 3213 proedas
794 3139 878 3228 capit,
893 3157 1008 3230 quarum
1021 3149 1130 3213 partein

238 3216 298 3272 suis
325 3216 463 3291 dispertit,
485 3227 593 3304 partem
608 3217 644 3272 ad
668 3217 818 3273 Datamem
839 3217 939 3286 mittit;
960 3217 1021 3291 pari
1046 3216 1130 3273 modo

199 3295 217 3348 3
240 3293 384 3367 complura
398 3293 518 3350 castella
532 3311 560 3349 er
552 3293 666 3350 tradit.
698 3293 770 3350 Haec
784 3294 833 3351 diu
844 3260 976 3352 sacierido
986 3293 1130 3368 persuasit

237 3368 354 3438 bomini,
367 3387 398 3426 se
413 3370 552 3428 inlinitum
571 3371 707 3432 adversus
722 3389 820 3448 regem
833 3374 1000 3448 suscepisse
1014 3373 1129 3442 bellurn,

236 3463 322 3519 quum
335 3447 539 3523 nihilomagis,
553 3467 590 3506 ne
611 3469 694 3525 quarn
714 3451 909 3544 suspicionem
929 3451 972 3508 illi
992 3450 1131 3538 preberet

236 3519 402 3580 insidiarum
404 3545 513 3600 ,neque
526 3528 737 3606 colloquium
712 3547 773 3604 ejus
788 3529 896 3603 petivit,
910 3541 1003 3618 neque
1018 3528 1049 3585 in
1062 3545 1130 3584 con·

237 3612 368 3677 spectum
381 3604 478 3660 venire
494 3606 607 3663 studuit.
650 3608 700 3663 Sic
716 3609 820 3664 absens
835 3607 991 3662 amicitiem
1003 3600 1129 3681 gerebat,

235 3693 266 3738 ιι
279 3699 336 3738 non
349 3683 499 3740 beneficiis
519 3685 632 3754 mutuis,
648 3685 700 3741 sed
720 3684 786 3741 odio
806 3685 958 3753 communi,
972 3683 1047 3758 quod
1061 3701 1130 3758 erga

235 3777 335 3834 regem
348 3772 543 3836 susceperant,
558 3763 697 3820 contineri
709 3761 912 3820 uiderentur.
938 3818 942 3823 .
