2646 4462
449 413 508 476 IX.
535 421 561 490 l,
578 422 607 488 2,
624 421 654 477 3.
697 414 847 494 (Conon.)
1056 422 1097 480 39

233 563 427 619 Accusatores
449 561 652 638 Tissaphernem
661 580 715 637 per
735 561 844 618 litteras
858 563 919 637 egit
938 581 998 618 cum
1011 563 1099 620 Arto-

233 661 322 698 cerce.
356 641 411 698 IV.
437 640 531 696 Vincit
543 639 765 698 Lacedaemonios
779 641 816 703 ad
832 640 962 696 Gnidum.
988 640 1099 698 Gracia

227 720 366 791 ‘liberatur
376 730 403 774 et
413 718 625 774 Atheniensium
634 719 706 773 muri
716 719 886 796 rejiciantur.
927 717 961 775 V.
977 720 1006 777 A
1022 718 1097 776 Tiri·

233 799 304 870 bozo
317 799 347 854 in
361 797 472 854 vincula
486 797 639 878 conjicitur.
689 827 690 830 =

231 955 255 1012 1:
299 955 412 1022 Conon,
434 951 642 1020 Atheniensis,
654 951 866 1026 Peloponnesio
880 954 956 1010 bello
971 954 1097 1014 accessit
1118 957 1133 1012 l

193 1033 228 1089 nd
242 1031 458 1107 rempublicam,
474 1030 504 1086 in
518 1047 611 1102 eoque
627 1030 689 1105 ejus
704 1047 792 1103 opera
805 1031 901 1106 magni
918 1032 979 1089 fuit.
1020 1033 1095 1090 Nam

193 1121 222 1167 et
243 1121 346 1187 praetor
367 1107 549 1185 pedestribus
566 1107 741 1164 exercitibus
755 1107 876 1182 praefuit,
891 1119 920 1166 et
943 1111 1095 1185 praefectus
1136 1133 1141 1142 ·

194 1190 298 1246 classis
312 1207 359 1246 res
374 1205 493 1262 magnas
507 1185 579 1242 mari
595 1185 695 1260 gessit.
739 1186 820 1250 Quas
829 1188 865 1244 ob
880 1206 983 1245 causas
998 1189 1096 1264 preci-

194 1284 267 1340 puus
291 1268 319 1323 ei
341 1267 434 1323 honos
459 1264 573 1322 habitus
600 1273 653 1320 est.
710 1261 841 1337 Namque
867 1267 998 1323 omnibus
1022 1285 1096 1324 uuus

195 1343 298 1401 insulis
312 1344 438 1418 praeluit:
460 1344 560 1416 inqua
573 1351 714 1416 potestate
731 1339 842 1400 Pheras
858 1344 1097 1418 capiteomnium

196 1422 487 1479 Lacedaemoniorum.
519 1420 586 1476 Fuit
596 1419 682 1475 etiam
692 1429 820 1478 extremo
836 1422 978 1497 Pelopon·
1034 1455 1072 1494 «ἦ
1115 1425 1134 1479 2

193 1500 279 1557 nesio
287 1501 364 1556 bello
374 1510 482 1574 praetor,
491 1517 575 1572 quum
584 1497 657 1572 apud
666 1497 760 1572 AEgos
770 1499 877 1558 flumen
886 1501 978 1576 copim
1003 1514 1023 1544 ⁸·
1036 1503 1061 1542 ⁰·
1073 1513 1095 1544 ὓ

193 1578 416 1635 Atheniensium
438 1597 460 1632 n
488 1577 638 1652 Lysandro
666 1587 732 1632 sunt
759 1577 889 1636 devictae.
917 1587 919 1590 ’
946 1580 1006 1636 Sed
1037 1591 1095 1637 tum

192 1657 292 1725 abfuit,
303 1666 394 1730 eoque
408 1657 491 1731 pejus
500 1673 548 1711 res
558 1653 753 1712 administrata
762 1667 816 1713 est.
847 1658 922 1714 Nam
931 1669 960 1715 et
968 1659 1094 1734 prudens

191 1735 235 1792 rei
259 1735 401 1805 militaris,
423 1746 452 1792 et
475 1735 601 1810 diligens
617 1744 678 1792 erat
699 1735 822 1808 imperii.
864 1737 962 1810 Itaque
986 1736 1096 1794 nemini
1116 1740 1134 1794 3

191 1825 253 1872 erat
265 1813 312 1872 his
326 1815 500 1890 temporibus
511 1813 637 1882 dubium,
652 1812 678 1868 si
693 1813 833 1883 affuisset,
848 1815 928 1871 illam
937 1814 1095 1871 Athenien·

191 1914 240 1952 ses
253 1889 447 1950 calamitatem
461 1902 633 1966 accepturos
647 1909 705 1948 non
719 1890 820 1948 luisse.
855 1941 859 1948 .
924 1925 926 1932 ·

191 2001 193 2004 ·
231 1973 271 2030 ΙΙ.
294 1972 394 2028 Rebus
405 1983 499 2028 nutem
508 1969 632 2037 afflictis,
643 1987 729 2042 quum
738 1971 858 2045 patriam
867 1970 993 2027 obsideri
1002 1969 1096 2028 audis·
1118 1972 1132 2027 l

191 2062 245 2120 set,
259 2069 317 2107 non
332 2050 472 2124 quaesivit,
487 2049 536 2106 ubi
550 2049 614 2122 ipse
628 2058 688 2103 tuto
702 2047 819 2117 viveret,
834 2049 888 2106 sed
901 2049 977 2105 unde
1034 2077 1072 2118 Μ

190 2129 325 2206 praesidio
340 2138 441 2202 posset
455 2147 523 2184 esse
535 2125 646 2182 civibus
658 2125 728 2181 suis.
750 2127 848 2200 Itaque
860 2127 979 2184 contulit
1005 2137 1025 2166 a
1039 2127 1062 2167 ⁰·
1074 2138 1096 2166 ¹¹·

191 2229 224 2265 se
240 2209 275 2264 ad
291 2203 518 2274 Pharnabazum,
534 2214 668 2278 satrapen
680 2205 769 2262 loniae
783 2217 812 2262 et
827 2206 937 2281 Lydiae,
952 2205 1096 2263 eumdem·

191 2305 246 2360 que
258 2304 396 2361 generum
406 2285 484 2360 regis
495 2293 523 2340 et
536 2283 741 2358 propinquum:
764 2285 839 2358 apud
847 2303 931 2359 quem
939 2297 969 2342 ut
977 2285 1095 2342 multum

192 2366 283 2440 gratia
296 2365 414 2432 valeret,
429 2363 516 2418 multo
535 2363 635 2418 labore
649 2362 801 2436 multisque
823 2363 921 2420 effecit
945 2361 1093 2438 perieulis.

193 2442 270 2500 Nam
290 2461 379 2517 quum
407 2440 631 2508 Lacedaemonii,
657 2439 884 2498 Atheniensibus
906 2442 1040 2510 devictis,
1063 2442 1095 2497 in
1114 2444 1135 2497 2

192 2521 330 2578 societate
344 2539 403 2578 nou
416 2529 575 2586 manerent,
592 2535 676 2590 quem
697 2537 762 2576 cum
783 2520 942 2577 Artaxerxe
957 2519 1094 2588 fecerant,

192 2601 416 2674 Agesilaumque
444 2597 579 2655 bellatum
603 2595 752 2655 misissent
780 2597 811 2654 in
837 2599 946 2667 Asiam,
969 2597 1094 2654 maxime

192 2677 308 2753 impulsi
323 2697 340 2733 a
353 2676 562 2752 Tissapherne,
576 2675 625 2749 qui
646 2694 684 2731 ex
703 2676 812 2732 intimis
828 2676 905 2751 regis
921 2677 955 2734 ab
970 2675 1096 2733 amicitia

194 2757 256 2832 ejus
266 2755 423 2824 defecerat,
435 2765 463 2812 et
475 2773 540 2810 cum
549 2753 780 2811 Lacedaemoniis
790 2755 898 2811 coierat
906 2755 1093 2812 societatem:

192 2833 269 2890 hunc
290 2834 428 2890 adversus
450 2833 652 2891 Pharnabazus
672 2831 786 2888 habitus
806 2843 851 2889 est
871 2833 1040 2908 imperator;
1061 2851 1093 2890 re

193 2913 309 2986 quidem
322 2931 390 2968 vora
405 2911 544 2968 exercitui
557 2910 669 2985 praefuit
683 2911 795 2977 Conon,
810 2911 928 2984 ejusque
943 2911 1038 2966 omnia
1052 2929 1095 2966 ar·

193 2991 278 3049 bitrio
293 3001 376 3064 gesta
389 3001 464 3046 sunt.
504 2988 562 3046 Hic
577 2989 695 3044 multum
708 2987 813 3043 ducem
829 3005 976 3055 summum,
991 2988 1095 3061 Agesi-
1116 2991 1133 3044 3

193 3069 280 3138 larun,
294 3067 451 3144 impedivit,
466 3085 600 3142 saepeque
623 3066 685 3140 ejus
701 3064 832 3120 consiliis
856 3065 980 3132 obstitit;
1000 3081 1094 3138 neque

193 3163 264 3204 vero
284 3165 341 3204 non
365 3145 417 3203 snit
441 3155 579 3220 apertum,
600 3143 626 3201 si
650 3143 699 3200 ille
721 3161 779 3199 non
801 3142 912 3212 fuisset,
927 3141 1095 3217 Agesilaum

180 3225 295 3296 Asiam
309 3225 406 3281 Tauro
419 3235 504 3281 tenus
518 3223 582 3297 regi
596 3222 686 3280 luisse
696 3231 867 3296 erepturum.
909 3221 967 3287 Qui
981 3232 1094 3296 postea·
1114 3226 1133 3279 t

194 3322 278 3378 quam
291 3302 405 3360 domum
419 3322 437 3358 a
450 3302 511 3358 suis
532 3299 643 3357 civibus
657 3311 810 3358 revocatus
828 3309 881 3370 est,
895 3299 970 3375 quod
990 3301 1094 3358 Boeotii

195 3396 225 3439 et
238 3381 435 3438 Athenienses
450 3379 678 3450 Lacedaemoniis
690 3379 795 3436 bellum
808 3379 978 3450 indixerant,
993 3379 1094 3438 Conon

193 3459 285 3516 nihilo
306 3459 404 3515 secius
426 3457 501 3532 apud
519 3456 670 3532 praefectos
691 3457 768 3532 regis
795 3459 971 3527 versabatur,
991 3457 1094 3533 hisque

137 3576 140 3582 -
194 3537 325 3594 omnibus
339 3537 464 3592 maximo
480 3544 540 3591 erat
553 3535 628 3590 usui.

235 3615 291 3671 III.
315 3614 472 3670 Defecerat
486 3628 582 3687 aroge
593 3609 817 3687 Tissaphernes,
825 3631 919 3687 neque
933 3612 963 3669 id
975 3614 1095 3670 tamAr·
1117 3617 1130 3669 1

167 3701 170 3706 ’
194 3691 315 3760 taxerxi,
330 3711 415 3766 quam
430 3691 545 3760 ceteris,
561 3700 621 3747 erat
635 3701 772 3766 apertum.
814 3692 914 3748 Multis
930 3691 1006 3745 enim
1017 3707 1095 3762 mag-

195 3769 298 3844 nisque
319 3769 431 3828 merit'is
452 3768 527 3844 apud
551 3786 659 3843 rogem,
674 3768 761 3824 etiam
780 3787 865 3840 quum
885 3766 1096 3846 inofficionon
